% This file was created with JabRef 2.10b2.
% Encoding: UTF-8


@Article{LHCb-PAPER-2013-033,
  Title                    = {{Measurement of the flavour-specific $CP$-violating asymmetry $a_{\rm sl}^s$ in $B_s^0$ decays}},
  Author                   = {Aaij, R. and others},
  Journal                  = {Phys. Lett.},
  Year                     = {2014},
  Pages                    = {607},
  Volume                   = {B728},

  Archiveprefix            = {arXiv},
  Collaboration            = {LHCb collaboration},
  Doi                      = {10.1016/j.physletb.2013.12.030},
  Eprint                   = {1308.1048},
  Primaryclass             = {hep-ex},
  Reportnumber             = {LHCB-PAPER-2013-033, CERN-PH-EP-2013-141},
  Slaccitation             = {%%CITATION = ARXIV:1308.1048;%%}
}

@Article{LHCb-PAPER-2013-048,
  Title                    = {{Measurement of the charge asymmetry in $\Bpm \to \phi\Kpm$ and search for $\Bpm \to \phi \pipm$ decays}},
  Author                   = {Aaij, R. and others},
  Journal                  = {Phys. Lett.},
  Year                     = {2014},
  Pages                    = {85},
  Volume                   = {B728},

  Archiveprefix            = {arXiv},
  Collaboration            = {LHCb collaboration},
  Doi                      = {10.1016/j.physletb.2013.11.036},
  Eprint                   = {1309.3742},
  Primaryclass             = {hep-ex},
  Reportnumber             = {LHCB-PAPER-2013-048, CERN-PH-EP-2013-166},
  Slaccitation             = {%%CITATION = ARXIV:1309.3742;%%}
}

@Article{LHCb-PAPER-2013-050,
  Title                    = {{Search for the decay $\Dz \to \pip\pim\mumu$}},
  Author                   = {Aaij, R. and others},
  Journal                  = {Phys. Lett.},
  Year                     = {2014},
  Pages                    = {234},
  Volume                   = {B728},

  Archiveprefix            = {arXiv},
  Collaboration            = {LHCb collaboration},
  Doi                      = {10.1016/j.physletb.2013.11.053},
  Eprint                   = {1310.2535},
  Primaryclass             = {hep-ex},
  Reportnumber             = {LHCB-PAPER-2013-050, CERN-PH-EP-2013-183},
  Slaccitation             = {%%CITATION = ARXIV:1310.2535;%%}
}

@Article{LHCb-PAPER-2013-051,
  Title                    = {{Measurement of \CP violation in the phase space of $\Bpm \to \Kp\Km\pipm$ and $\Bpm\to \pip\pim\pipm$ decays}},
  Author                   = {Aaij, R. and others},
  Journal                  = {Phys. Rev. Lett.},
  Year                     = {2014},
  Pages                    = {011801},
  Volume                   = {112},

  Archiveprefix            = {arXiv},
  Collaboration            = {LHCb collaboration},
  Doi                      = {10.1103/PhysRevLett.112.011801},
  Eprint                   = {1310.4740},
  Primaryclass             = {hep-ex},
  Reportnumber             = {LHCB-PAPER-2013-051, CERN-PH-EP-2013-190},
  Slaccitation             = {%%CITATION = ARXIV:1310.4740;%%}
}

@Article{LHCb-PAPER-2013-057,
  Title                    = {{Search for \CP violation in the decay $\Dp \to \pip \pim \pip$}},
  Author                   = {Aaij, R. and others},
  Journal                  = {Phys. Lett.},
  Year                     = {2014},
  Pages                    = {585},
  Volume                   = {B728},

  Archiveprefix            = {arXiv},
  Collaboration            = {LHCb collaboration},
  Doi                      = {10.1016/j.physletb.2013.12.035},
  Eprint                   = {1310.7953},
  Primaryclass             = {hep-ex},
  Reportnumber             = {LHCB-PAPER-2013-057, CERN-PH-EP-2013-199},
  Slaccitation             = {%%CITATION = ARXIV:1310.7953;%%}
}

@Article{LHCb-PAPER-2013-058,
  Title                    = {{Study of forward $Z$+jet production in $pp$ collisions at $\sqrt{s} = 7 \tev$}},
  Author                   = {Aaij, R. and others},
  Journal                  = {JHEP},
  Year                     = {2014},
  Pages                    = {90},
  Volume                   = {01},

  Archiveprefix            = {arXiv},
  Collaboration            = {LHCb collaboration},
  Doi                      = {10.1007/JHEP01(2014)033},
  Eprint                   = {1310.8197},
  Primaryclass             = {hep-ex},
  Reportnumber             = {LHCB-PAPER-2013-058, CERN-PH-EP-2013-198},
  Slaccitation             = {%%CITATION = ARXIV:1310.8197;%%}
}

@Article{LHCb-PAPER-2013-059,
  Title                    = {{Updated measurements of exclusive $J/\psi$ and $\psi(2S)$ production cross-sections in $pp$ collisions at $\sqrt{s} = 7$ TeV.}},
  Author                   = {Aaij, R. and others},
  Year                     = {2014},
  Note                     = {{submitted to J. Phys. G}},

  Archiveprefix            = {arXiv},
  Collaboration            = {LHCb collaboration},
  Eprint                   = {1401.3288},
  Primaryclass             = {hep-ex},
  Reportnumber             = {CERN-PH-EP-2013-233-LHCB-PAPER-2013-059},
  Slaccitation             = {%%CITATION = ARXIV:1401.3288;%%}
}

@Article{LHCb-PAPER-2013-062,
  Title                    = {{Observation of associated production of a $Z$ boson with a $D$ meson in the~forward region}},
  Author                   = {Aaij, R. and others},
  Year                     = {2014},
  Note                     = {{submitted to JHEP}},

  Archiveprefix            = {arXiv},
  Collaboration            = {LHCb collaboration},
  Eprint                   = {1401.3245},
  Primaryclass             = {hep-ex},
  Reportnumber             = {CERN-EP-2013-235, LHCB-PAPER-2013-062},
  Slaccitation             = {%%CITATION = ARXIV:1401.3245;%%}
}

@Article{LHCb-PAPER-2014-001,
  Title                    = {{Observation of photon polarization in the decay $B^\pm\to K^\pm\pi^\mp\pi^\pm\gamma$}},
  Author                   = {Aaij, R. and others},
  Year                     = {2014},
  Note                     = {{in preparation}},

  Collaboration            = {LHCb collaboration},
  Report                   = {{LHCb-PAPER-2014-001}}
}

@Article{LHCb-PAPER-2014-002,
  Title                    = {{Study of beauty hadron decays to baryonic double open charm states}},
  Author                   = {Aaij, R. and others},
  Year                     = {2014},
  Note                     = {{in preparation}},

  Collaboration            = {LHCb collaboration},
  Report                   = {{LHCb-PAPER-2014-002}}
}

@Article{LHCb-PAPER-2014-003,
  Title                    = {{Precision measurement of the $\Lambda_b^0/\overline{B}^0$ lifetime ratio}},
  Author                   = {Aaij, R. and others},
  Year                     = {2014},
  Note                     = {{in preparation}},

  Collaboration            = {LHCb collaboration},
  Report                   = {{LHCb-PAPER-2014-003}}
}

@Article{LHCb-PAPER-2014-004,
  Title                    = {{}},
  Author                   = {Aaij, R. and others},
  Year                     = {2014},
  Note                     = {{in preparation}},

  Collaboration            = {LHCb collaboration},
  Report                   = {{LHCb-PAPER-2014-004}}
}

@Article{LHCb-PAPER-2012-019,
  Title                    = {{Measurement of the ratio of branching fractions ${\cal B}(B^0 \to K^{\ast 0} \gamma) / {\cal B}(B^0_s \to \phi \gamma)$ and the direct \CP asymmetry in $B^0 \to K^{\ast 0} \gamma$}},
  Author                   = {Aaij, R. and others},
  Journal                  = {Nucl. Phys.},
  Year                     = {2013},
  Pages                    = {1-18},
  Volume                   = {B867},

  Archiveprefix            = {arXiv},
  Collaboration            = {LHCb collaboration},
  Doi                      = {10.1016/j.nuclphysb.2012.09.013},
  Eprint                   = {1209.0313},
  Primaryclass             = {hep-ex},
  Reportnumber             = {LHCB-PAPER-2012-019, CERN-PH-EP-2012-247},
  Slaccitation             = {%%CITATION = ARXIV:1209.0313;%%}
}

@Article{LHCb-PAPER-2012-021,
  Title                    = {{Measurement of the \CP asymmetry in $B^0 \to K^{*0} \mu^+ \mu^-$ decays}},
  Author                   = {Aaij, R. and others},
  Journal                  = {Phys. Rev. Lett.},
  Year                     = {2013},
  Pages                    = {031801},
  Volume                   = {110},

  Archiveprefix            = {arXiv},
  Collaboration            = {LHCb collaboration},
  Doi                      = {10.1103/PhysRevLett.110.031801},
  Eprint                   = {1210.4492},
  Primaryclass             = {hep-ex},
  Reportnumber             = {LHCB-PAPER-2012-021, CERN-PH-EP-2012-302},
  Slaccitation             = {%%CITATION = ARXIV:1210.4492;%%}
}

@Article{LHCb-PAPER-2012-022,
  Title                    = {{Evidence for the decay $B^0 \to J/\psi \omega$ and measurement of the relative branching fractions of $B^0_s$ meson decays to $J/\psi \eta$ and $J/\psi \eta^\prime$}},
  Author                   = {Aaij, R. and others},
  Journal                  = {Nucl. Phys.},
  Year                     = {2013},
  Pages                    = {547-566},
  Volume                   = {B867},

  Archiveprefix            = {arXiv},
  Collaboration            = {LHCb collaboration},
  Doi                      = {10.1016/j.nuclphysb.2012.10.021},
  Eprint                   = {1210.2631},
  Primaryclass             = {hep-ex},
  Reportnumber             = {CERN-PH-EP2012-287, LHCB-PAPER-2012-022},
  Slaccitation             = {%%CITATION = ARXIV:1210.2631;%%}
}

@Article{LHCb-PAPER-2012-023,
  Title                    = {{Search for the rare decay $\KS \to \mu^+ \mu^-$}},
  Author                   = {Aaij, R. and others},
  Journal                  = {JHEP},
  Year                     = {2013},
  Pages                    = {90},
  Volume                   = {01},

  Archiveprefix            = {arXiv},
  Collaboration            = {LHCb collaboration},
  Doi                      = {10.1007/JHEP01(2013)090},
  Eprint                   = {1209.4029},
  Primaryclass             = {hep-ex},
  Reportnumber             = {CERN-PH-EP-2012-267, LHCB-PAPER-2012-023},
  Slaccitation             = {%%CITATION = ARXIV:1209.4029;%%}
}

@Article{LHCb-PAPER-2012-024,
  Title                    = {{Differential branching fraction and angular analysis of the $B^{+} \rightarrow K^{+}\mu^{+}\mu^{-}$ decay}},
  Author                   = {Aaij, R. and others},
  Journal                  = {JHEP},
  Year                     = {2013},
  Pages                    = {105},
  Volume                   = {02},

  Archiveprefix            = {arXiv},
  Collaboration            = {LHCb collaboration},
  Doi                      = {10.1007/JHEP02(2013)105},
  Eprint                   = {1209.4284},
  Primaryclass             = {hep-ex},
  Reportnumber             = {LHCB-PAPER-2012-024, CERN-PH-EP-2012-263},
  Slaccitation             = {%%CITATION = ARXIV:1209.4284;%%}
}

@Article{LHCb-PAPER-2012-025,
  Title                    = {{First evidence for the annihilation decay mode $B^{+} \to D_{s}^{+} \phi$}},
  Author                   = {Aaij, R. and others},
  Journal                  = {JHEP},
  Year                     = {2013},
  Pages                    = {43},
  Volume                   = {02},

  Archiveprefix            = {arXiv},
  Collaboration            = {LHCb collaboration},
  Doi                      = {10.1007/JHEP02(2013)043},
  Eprint                   = {1210.1089},
  Primaryclass             = {hep-ex},
  Reportnumber             = {CERN-PH-EP-2012-286, LHCB-PAPER-2012-025},
  Slaccitation             = {%%CITATION = ARXIV:1210.1089;%%}
}

@Article{LHCb-PAPER-2012-026,
  Title                    = {{Measurement of the $D^\pm$ production asymmetry in $7\tev$ $pp$ collisions}},
  Author                   = {Aaij, R. and others},
  Journal                  = {Phys. Lett.},
  Year                     = {2013},
  Pages                    = {902–909},
  Volume                   = {B718},

  Archiveprefix            = {arXiv},
  Collaboration            = {LHCb collaboration},
  Doi                      = {10.1016/j.physletb.2012.11.038},
  Eprint                   = {1210.4112},
  Primaryclass             = {hep-ex},
  Reportnumber             = {LHCB-PAPER-2012-026, CERN-PH-EP-2012-305},
  Slaccitation             = {%%CITATION = ARXIV:1210.4112;%%}
}

@Article{LHCb-PAPER-2012-029,
  Title                    = {{A study of the $Z$ production cross-section in $pp$ collisions at $\sqrt{s}=7 \tev$ using tau final states}},
  Author                   = {Aaij, R. and others},
  Journal                  = {JHEP},
  Year                     = {2013},
  Pages                    = {111},
  Volume                   = {01},

  Archiveprefix            = {arXiv},
  Collaboration            = {LHCb collaboration},
  Doi                      = {10.1007/JHEP01(2013)111},
  Eprint                   = {1210.6289},
  Primaryclass             = {hep-ex},
  Reportnumber             = {LHCB-PAPER-2012-029, CERN-PH-EP-2012-314},
  Slaccitation             = {%%CITATION = ARXIV:1210.6289;%%}
}

@Article{LHCb-PAPER-2012-030,
  Title                    = {{First observation of the decay $B_{s2}^*(5840)^0 \to B^{*+} K^-$ and studies of excited $B_s$ mesons}},
  Author                   = {Aaij, R. and others},
  Journal                  = {Phys. Rev. Lett.},
  Year                     = {2013},
  Pages                    = {151803},
  Volume                   = {110},

  Archiveprefix            = {arXiv},
  Collaboration            = {LHCb collaboration},
  Doi                      = {10.1103/PhysRevLett.110.151803},
  Eprint                   = {1211.5994},
  Primaryclass             = {hep-ex},
  Reportnumber             = {LHCB-PAPER-2012-030, CERN-PH-EP-2012-340},
  Slaccitation             = {%%CITATION = ARXIV:1211.5994;%%}
}

@Article{LHCb-PAPER-2012-032,
  Title                    = {{Measurement of the $\Bz$--$\Bzb$ oscillation frequency $\Delta m_d$ with the decays $B^0 \to D^- \pi^+$ and $B^0 \to J/\psi K^{\ast 0}$}},
  Author                   = {Aaij, R. and others},
  Journal                  = {Phys. Lett.},
  Year                     = {2013},
  Pages                    = {318},
  Volume                   = {B719},

  Archiveprefix            = {arXiv},
  Collaboration            = {LHCb collaboration},
  Doi                      = {10.1016/j.physletb.2013.01.019},
  Eprint                   = {1210.6750},
  Primaryclass             = {hep-ex},
  Reportnumber             = {LHCB-PAPER-2012-032, CERN-PH-EP-2012-315},
  Slaccitation             = {%%CITATION = ARXIV:1210.6750;%%}
}

@Article{LHCb-PAPER-2012-034,
  Title                    = {{Measurement of the forward energy flow in $pp$ collisions at $\sqrt{s}= 7\tev$}},
  Author                   = {Aaij, R. and others},
  Journal                  = {Eur. Phys. J.},
  Year                     = {2013},
  Pages                    = {2421},
  Volume                   = {C73},

  Archiveprefix            = {arXiv},
  Collaboration            = {LHCb collaboration},
  Doi                      = {10.1140/epjc/s10052-013-2421-y},
  Eprint                   = {1212.4755},
  Primaryclass             = {hep-ex},
  Reportnumber             = {CERN-PH-EP-2012-346, LHCB-PAPER-2012-034},
  Slaccitation             = {%%CITATION = ARXIV:1212.4755;%%}
}

@Article{LHCb-PAPER-2012-035,
  Title                    = {{Measurement of the time-dependent \CP asymmetry in $\Bd \to \jpsi\KS$ decays}},
  Author                   = {Aaij, R. and others},
  Journal                  = {Phys. Lett.},
  Year                     = {2013},
  Pages                    = {24},
  Volume                   = {B721},

  Archiveprefix            = {arXiv},
  Collaboration            = {LHCb collaboration},
  Doi                      = {10.1016/j.physletb.2013.02.054},
  Eprint                   = {1211.6093},
  Primaryclass             = {hep-ex},
  Reportnumber             = {LHCB-PAPER-2012-035, CERN-PH-EP-2012-331},
  Slaccitation             = {%%CITATION = ARXIV:1211.6093;%%}
}

@Article{LHCb-PAPER-2012-036,
  Title                    = {{Measurement of the cross-section for $Z \to e^+e^-$ production in $pp$ collisions at $\sqrt{s} = 7 \tev$}},
  Author                   = {Aaij, R. and others},
  Journal                  = {JHEP},
  Year                     = {2013},
  Pages                    = {106},
  Volume                   = {02},

  Archiveprefix            = {arXiv},
  Collaboration            = {LHCb collaboration},
  Doi                      = {10.1007/JHEP02(2013)106},
  Eprint                   = {1212.4620},
  Primaryclass             = {hep-ex},
  Reportnumber             = {CERN-PH-EP-2012-363, LHCB-PAPER-2012-036},
  Slaccitation             = {%%CITATION = ARXIV:1212.4620;%%}
}

@Article{LHCb-PAPER-2012-037,
  Title                    = {{Measurement of the fragmentation fraction ratio $f_s/f_d$ and its dependence on $B$ meson kinematics}},
  Author                   = {Aaij, R. and others},
  Journal                  = {JHEP},
  Year                     = {2013},
  Pages                    = {1},
  Volume                   = {04},

  Archiveprefix            = {arXiv},
  Collaboration            = {LHCb collaboration},
  Doi                      = {10.1007/JHEP04(2013)001},
  Eprint                   = {1301.5286},
  Primaryclass             = {hep-ex},
  Reportnumber             = {CERN-PH-EP-2013-006, LHCB-PAPER-2012-037},
  Slaccitation             = {%%CITATION = ARXIV:1301.5286;%%}
}

@Article{LHCb-PAPER-2012-038,
  Title                    = {{Observation of $D^0$--$\overline{D}^0$ oscillations}},
  Author                   = {Aaij, R. and others},
  Journal                  = {Phys. Rev. Lett.},
  Year                     = {2013},
  Pages                    = {101802},
  Volume                   = {110},

  Archiveprefix            = {arXiv},
  Collaboration            = {LHCb collaboration},
  Doi                      = {10.1103/PhysRevLett.110.101802},
  Eprint                   = {1211.1230},
  Primaryclass             = {hep-ex},
  Reportnumber             = {CERN-PH-EP-2012-333, LHCB-PAPER-2012-038},
  Slaccitation             = {%%CITATION = ARXIV:1211.1230;%%}
}

@Article{LHCb-PAPER-2012-039,
  Title                    = {{Measurement of $J/\psi$ production in $pp$ collisions at $\sqrt{s}=2.76\tev$}},
  Author                   = {Aaij, R. and others},
  Journal                  = {JHEP},
  Year                     = {2013},
  Pages                    = {41},
  Volume                   = {02},

  Archiveprefix            = {arXiv},
  Collaboration            = {LHCb collaboration},
  Doi                      = {10.1007/JHEP02(2013)041},
  Eprint                   = {1212.1045},
  Primaryclass             = {hep-ex},
  Reportnumber             = {CERN-PH-EP-2012-349, LHCB-PAPER-2012-039},
  Slaccitation             = {%%CITATION = ARXIV:1212.1045;%%}
}

@Article{LHCb-PAPER-2012-040,
  Title                    = {{Amplitude analysis and branching fraction measurement of $\overline{B}^0_s \to J/\psi K^+K^-$}},
  Author                   = {Aaij, R. and others},
  Journal                  = {Phys. Rev.},
  Year                     = {2013},
  Pages                    = {072004},
  Volume                   = {D87},

  Archiveprefix            = {arXiv},
  Collaboration            = {LHCb collaboration},
  Doi                      = {10.1103/PhysRevD.87.072004},
  Eprint                   = {1302.1213},
  Primaryclass             = {hep-ex},
  Reportnumber             = {LHCB-PAPER-2012-040, CERN-PH-EP-2013-008},
  Slaccitation             = {%%CITATION = ARXIV:1302.1213;%%}
}

@Article{LHCb-PAPER-2012-041,
  Title                    = {{Prompt charm production in $pp$ collisions at $\sqrt s= 7\tev$}},
  Author                   = {Aaij, R. and others},
  Journal                  = {Nucl. Phys.},
  Year                     = {2013},
  Pages                    = {1},
  Volume                   = {B871},

  Archiveprefix            = {arXiv},
  Collaboration            = {LHCb collaboration},
  Doi                      = {10.1016/j.nuclphysb.2013.02.010},
  Eprint                   = {1302.2864},
  Primaryclass             = {hep-ex},
  Reportnumber             = {LHCB-PAPER-2012-041, CERN-PH-EP-2013-009},
  Slaccitation             = {%%CITATION = ARXIV:1302.2864;%%}
}

@Article{LHCb-PAPER-2012-042,
  Title                    = {{Measurement of \CP observables in $B^0\to D K^{*0}$ with $D\to K^+K^-$}},
  Author                   = {Aaij, R. and others},
  Journal                  = {JHEP},
  Year                     = {2013},
  Pages                    = {67},
  Volume                   = {03},

  Archiveprefix            = {arXiv},
  Collaboration            = {LHCb collaboration},
  Doi                      = {10.1007/JHEP03(2013)067},
  Eprint                   = {1212.5205},
  Primaryclass             = {hep-ex},
  Reportnumber             = {CERN-PH-EP-2012-362, LHCB-PAPER-2012-042},
  Slaccitation             = {%%CITATION = ARXIV:1212.5205;%%}
}

@Article{LHCb-PAPER-2012-043,
  Title                    = {{First evidence for the decay $B^0_s \to \mu^+\mu^-$}},
  Author                   = {Aaij, R. and others},
  Journal                  = {Phys. Rev. Lett.},
  Year                     = {2013},
  Pages                    = {021801},
  Volume                   = {110},

  Archiveprefix            = {arXiv},
  Collaboration            = {LHCb collaboration},
  Doi                      = {10.1103/PhysRevLett.110.021801},
  Eprint                   = {1211.2674},
  Primaryclass             = {hep-ex},
  Reportnumber             = {CERN-PH-EP-2012-335, LHCB-PAPER-2012-043},
  Slaccitation             = {%%CITATION = ARXIV:1211.2674;%%}
}

@Article{LHCb-PAPER-2012-044,
  Title                    = {{Exclusive $J/\psi$ and $\psi(2S)$ production at $\sqrt{s} = 7\tev$}},
  Author                   = {Aaij, R. and others},
  Journal                  = {J. Phys.},
  Year                     = {2013},
  Pages                    = {045001},
  Volume                   = {G40},

  Archiveprefix            = {arXiv},
  Collaboration            = {LHCb collaboration},
  Doi                      = {10.1088/0954-3899/40/4/045001},
  Eprint                   = {1301.7084},
  Primaryclass             = {hep-ex},
  Reportnumber             = {CERN-PH-EP-2013-005, LHCB-PAPER-2012-044},
  Slaccitation             = {%%CITATION = ARXIV:1301.7084;%%}
}

@Article{LHCb-PAPER-2012-045,
  Title                    = {{Analysis of the resonant components in $\overline{B}^0 \to J/\psi \pi^+\pi^-$}},
  Author                   = {Aaij, R. and others},
  Journal                  = {Phys. Rev.},
  Year                     = {2013},
  Pages                    = {052001},
  Volume                   = {D87},

  Archiveprefix            = {arXiv},
  Collaboration            = {LHCb collaboration},
  Doi                      = {10.1103/PhysRevD.87.052001},
  Eprint                   = {1301.5347},
  Primaryclass             = {hep-ex},
  Reportnumber             = {LHCB-PAPER-2012-045, CERN-PH-EP-2013-004},
  Slaccitation             = {%%CITATION = ARXIV:1301.5347;%%}
}

@Article{LHCb-PAPER-2012-046,
  Title                    = {{Study of $B^0 \to D^{\ast -} \pi^+ \pi^- \pi^+$ and $B^0 \to D^{\ast -} K^+ \pi^- \pi^+$ decays}},
  Author                   = {Aaij, R. and others},
  Journal                  = {Phys. Rev.},
  Year                     = {2013},
  Pages                    = {092001},
  Volume                   = {D87},

  Archiveprefix            = {arXiv},
  Collaboration            = {LHCb collaboration},
  Doi                      = {10.1103/PhysRevD.87.092001},
  Eprint                   = {1303.6861},
  Primaryclass             = {hep-ex},
  Reportnumber             = {LHCB-PAPER-2012-046, CERN-EP-PH-2013-041},
  Slaccitation             = {%%CITATION = ARXIV:1303.6861;%%}
}

@Article{LHCb-PAPER-2012-047,
  Title                    = {{Measurements of the branching fractions of $B^+ \to p\bar{p}K^+$ decays}},
  Author                   = {Aaij, R. and others},
  Journal                  = {Eur. Phys. J.},
  Year                     = {2013},
  Pages                    = {2462},
  Volume                   = {C73},

  Archiveprefix            = {arXiv},
  Collaboration            = {LHCb collaboration},
  Doi                      = {10.1140/epjc/s10052-013-2462-2},
  Eprint                   = {1303.7133},
  Primaryclass             = {hep-ex},
  Reportnumber             = {LHCB-PAPER-2012-047, CERN-PH-EP-2013-040},
  Slaccitation             = {%%CITATION = ARXIV:1303.7133;%%}
}

@Article{LHCb-PAPER-2012-048,
  Title                    = {{Measurements of the $\Lambda_b^0$, $\Xi_b^-$ and $\Omega_b^-$ baryon masses}},
  Author                   = {Aaij, R. and others},
  Journal                  = {Phys. Rev. Lett.},
  Year                     = {2013},
  Pages                    = {182001},
  Volume                   = {110},

  Archiveprefix            = {arXiv},
  Collaboration            = {LHCb collaboration},
  Doi                      = {10.1103/PhysRevLett.110.182001},
  Eprint                   = {1302.1072},
  Primaryclass             = {hep-ex},
  Reportnumber             = {CERN-PH-EP-2013-013, LHCB-PAPER-2012-048},
  Slaccitation             = {%%CITATION = ARXIV:1302.1072;%%}
}

@Article{LHCb-PAPER-2012-049,
  Title                    = {{Search for rare $B_{(s)}^0 \to \mu\mu\mu\mu$ decays}},
  Author                   = {Aaij, R. and others},
  Journal                  = {Phys. Rev. Lett.},
  Year                     = {2013},
  Pages                    = {211801},
  Volume                   = {110},

  Archiveprefix            = {arXiv},
  Collaboration            = {LHCb collaboration},
  Doi                      = {10.1103/PhysRevLett.110.211801},
  Eprint                   = {1303.1092},
  Primaryclass             = {hep-ex},
  Reportnumber             = {CERN-PH-EP-2013-031, LHCB-PAPER-2012-049},
  Slaccitation             = {%%CITATION = ARXIV:1303.1092;%%}
}

@Article{LHCb-PAPER-2012-050,
  Title                    = {{First observations of $\overline{B}^0_s \to D^+D^-$, $D_s^+D^-$ and $D^0\overline{D}^0$ decays}},
  Author                   = {Aaij, R. and others},
  Journal                  = {Phys. Rev.},
  Year                     = {2013},
  Pages                    = {092007},
  Volume                   = {D87},

  Archiveprefix            = {arXiv},
  Collaboration            = {LHCb collaboration},
  Doi                      = {10.1103/PhysRevD.87.092007},
  Eprint                   = {1302.5854},
  Primaryclass             = {hep-ex},
  Reportnumber             = {LHCB-PAPER-2012-050, CERN-PH-EP-2013-018},
  Slaccitation             = {%%CITATION = ARXIV:1302.5854;%%}
}

@Article{LHCb-PAPER-2012-051,
  Title                    = {{Search for $D^+_{(s)} \to \pi^+\mu^-\mu^-$ and $D^+_{(s)} \to \pi^-\mu^+\mu^+$ decays}},
  Author                   = {Aaij, R. and others},
  Journal                  = {Phys. Lett.},
  Year                     = {2013},
  Pages                    = {203},
  Volume                   = {B724},

  Archiveprefix            = {arXiv},
  Collaboration            = {LHCb collaboration},
  Doi                      = {10.1016/j.physletb.2013.06.010},
  Eprint                   = {1304.6365},
  Primaryclass             = {hep-ex},
  Reportnumber             = {LHCB-PAPER-2012-051, CERN-PH-EP-2013-061},
  Slaccitation             = {%%CITATION = ARXIV:1304.6365;%%}
}

@Article{LHCb-PAPER-2012-052,
  Title                    = {{Searches for \CP violation in the $D^+ \to \phi \pi^+$ and $D_s^+ \to K^0_{\rm S} \pi^+$ decays}},
  Author                   = {Aaij, R. and others},
  Journal                  = {JHEP},
  Year                     = {2013},
  Pages                    = {112},
  Volume                   = {06},

  Archiveprefix            = {arXiv},
  Collaboration            = {LHCb collaboration},
  Doi                      = {10.1007/JHEP06(2013)112},
  Eprint                   = {1303.4906},
  Primaryclass             = {hep-ex},
  Reportnumber             = {CERN-PH-EP-2013-021, LHCB-PAPER-2012-052},
  Slaccitation             = {%%CITATION = ARXIV:1303.4906;%%}
}

@Article{LHCb-PAPER-2012-053,
  Title                    = {{Observations of $B^0_s \to \psi(2S)\eta$ and $B^0_{(s)} \to \psi(2S)\pi^+\pi^-$ decays}},
  Author                   = {Aaij, R. and others},
  Journal                  = {Nucl. Phys.},
  Year                     = {2013},
  Pages                    = {403 - 419},
  Volume                   = {B871},

  Archiveprefix            = {arXiv},
  Collaboration            = {LHCb collaboration},
  Doi                      = {10.1016/j.nuclphysb.2013.03.004},
  Eprint                   = {1302.6354},
  Primaryclass             = {hep-ex},
  Reportnumber             = {CERN-PH-EP-2013-024, LHCB-PAPER-2012-053},
  Slaccitation             = {%%CITATION = ARXIV:1302.6354;%%}
}

@Article{LHCb-PAPER-2012-054,
  Title                    = {{Observation of the decay $B^+_c \to \psi(2S)\pi^+$}},
  Author                   = {Aaij, R. and others},
  Journal                  = {Phys. Rev.},
  Year                     = {2013},
  Pages                    = {071103(R)},
  Volume                   = {D87},

  Archiveprefix            = {arXiv},
  Collaboration            = {LHCb collaboration},
  Doi                      = {10.1103/PhysRevD.87.071103},
  Eprint                   = {1303.1737},
  Primaryclass             = {hep-ex},
  Reportnumber             = {CERN-PH-EP-2013-028, LHCB-PAPER-2012-054},
  Slaccitation             = {%%CITATION = ARXIV:1303.1737;%%}
}

@Article{LHCb-PAPER-2012-055,
  Title                    = {{Observation of the suppressed ADS modes $B^\pm \to [\pi^\pm K^\mp\pi^+\pi^-]_D K^\pm$ and $B^\pm \to [\pi^\pm K^\mp \pi^+\pi^-]_D \pi^\pm$}},
  Author                   = {Aaij, R. and others},
  Journal                  = {Phys. Lett.},
  Year                     = {2013},
  Pages                    = {44},
  Volume                   = {B723},

  Archiveprefix            = {arXiv},
  Collaboration            = {LHCb collaboration},
  Doi                      = {10.1016/j.physletb.2013.05.009},
  Eprint                   = {1303.4646},
  Primaryclass             = {hep-ex},
  Reportnumber             = {CERN-PH-EP-2013-038, LHCB-PAPER-2012-055},
  Slaccitation             = {%%CITATION = ARXIV:1303.4646;%%}
}

@Article{LHCb-PAPER-2012-056,
  Title                    = {{Search for the decay $B^0_s \to D^{\ast\mp}\pi^\pm$}},
  Author                   = {Aaij, R. and others},
  Journal                  = {Phys. Rev.},
  Year                     = {2013},
  Pages                    = {071101(R)},
  Volume                   = {D87},

  Archiveprefix            = {arXiv},
  Collaboration            = {LHCb collaboration},
  Doi                      = {10.1103/PhysRevD.87.071101},
  Eprint                   = {1302.6446},
  Primaryclass             = {hep-ex},
  Reportnumber             = {CERN-PH-EP-2013-025, LHCB-PAPER-2012-056},
  Slaccitation             = {%%CITATION = ARXIV:1302.6446;%%}
}

@Article{LHCb-PAPER-2012-057,
  Title                    = {{Measurements of the $\Lb \to \Lz J/\psi$ decay amplitudes and the $\Lb$ baryon production polarisation in $pp$ collisions at $\sqrt{s} = 7\tev$}},
  Author                   = {Aaij, R. and others},
  Journal                  = {Phys. Lett.},
  Year                     = {2013},
  Pages                    = {27},
  Volume                   = {B724},

  Archiveprefix            = {arXiv},
  Collaboration            = {LHCb collaboration},
  Doi                      = {10.1016/j.physletb.2013.05.041},
  Eprint                   = {1302.5578},
  Primaryclass             = {hep-ex},
  Slaccitation             = {%%CITATION = ARXIV:1302.5578;%%}
}

@Article{LHCb-PAPER-2013-001,
  Title                    = {{Determination of the $X(3872)$ quantum numbers}},
  Author                   = {Aaij, R. and others},
  Journal                  = {Phys. Rev. Lett.},
  Year                     = {2013},
  Pages                    = {222001},
  Volume                   = {110},

  Archiveprefix            = {arXiv},
  Collaboration            = {LHCb collaboration},
  Doi                      = {10.1103/PhysRevLett.110.222001},
  Eprint                   = {1302.6269},
  Primaryclass             = {hep-ex},
  Reportnumber             = {LHCB-PAPER-2013-001, CERN-PH-EP-2013-017},
  Slaccitation             = {%%CITATION = ARXIV:1302.6269;%%}
}

@Article{LHCb-PAPER-2013-002,
  Title                    = {{Measurement of \CP-violation and the $B^0_s$-meson decay width difference with $B_s^0\to J/\psi K^+K^-$ and $B_s^0 \to J/\psi\pi^+\pi^-$ decays}},
  Author                   = {Aaij, R. and others},
  Journal                  = {Phys. Rev.},
  Year                     = {2013},
  Pages                    = {112010},
  Volume                   = {D87},

  Archiveprefix            = {arXiv},
  Collaboration            = {LHCb collaboration},
  Doi                      = {10.1103/PhysRevD.87.112010},
  Eprint                   = {1304.2600},
  Primaryclass             = {hep-ex},
  Reportnumber             = {CERN-PH-EP-2013-055, LHCB-PAPER-2013-002},
  Slaccitation             = {%%CITATION = ARXIV:1304.2600;%%}
}

@Article{LHCb-PAPER-2013-003,
  Title                    = {{Search for direct \CP violation in $D^0 \to h^- h^+$ modes using semileptonic $B$ decays}},
  Author                   = {Aaij, R. and others},
  Journal                  = {Phys. Lett.},
  Year                     = {2013},
  Pages                    = {33},
  Volume                   = {B723},

  Archiveprefix            = {arXiv},
  Collaboration            = {LHCb collaboration},
  Doi                      = {10.1016/j.physletb.2013.04.061},
  Eprint                   = {1303.2614},
  Primaryclass             = {hep-ex},
  Reportnumber             = {CERN-PH-EP-2013-039, LHCB-PAPER-2013-003},
  Slaccitation             = {%%CITATION = ARXIV:1303.2614;%%}
}

@Article{LHCb-PAPER-2013-004,
  Title                    = {{Measurement of $B$ meson production cross-sections in proton-proton collisions at $\sqrt{s} = 7\tev$}},
  Author                   = {Aaij, R. and others},
  Journal                  = {JHEP},
  Year                     = {2013},
  Pages                    = {117},
  Volume                   = {08},

  Archiveprefix            = {arXiv},
  Collaboration            = {LHCb collaboration},
  Doi                      = {10.1007/JHEP08(2013)117},
  Eprint                   = {1306.3663},
  Primaryclass             = {hep-ex},
  Reportnumber             = {CERN-PH-EP-2013-095, LHCB-PAPER-2013-004},
  Slaccitation             = {%%CITATION = ARXIV:1306.3663;%%}
}

@Article{LHCb-PAPER-2013-005,
  Title                    = {{Measurement of the $B^0 \to K^{*0}e^+e^-$ branching fraction at low dilepton mass}},
  Author                   = {Aaij, R. and others},
  Journal                  = {JHEP},
  Year                     = {2013},
  Pages                    = {159},
  Volume                   = {05},

  Archiveprefix            = {arXiv},
  Collaboration            = {LHCb collaboration},
  Doi                      = {10.1007/JHEP05(2013)159},
  Eprint                   = {1304.3035},
  Primaryclass             = {hep-ex},
  Reportnumber             = {LHCB-PAPER-2013-005, CERN-PH-EP-2013-048},
  Slaccitation             = {%%CITATION = ARXIV:1304.3035;%%}
}

@Article{LHCb-PAPER-2013-006,
  Title                    = {{Precision measurement of the $\Bs-\Bsb$ oscillation frequency $\Delta m_s$ in the decay $B^0_s \to D^+_s \pi^-$}},
  Author                   = {Aaij, R. and others},
  Journal                  = {New J. Phys.},
  Year                     = {2013},
  Pages                    = {053021},
  Volume                   = {15},

  Archiveprefix            = {arXiv},
  Collaboration            = {LHCb collaboration},
  Doi                      = {10.1088/1367-2630/15/5/053021},
  Eprint                   = {1304.4741},
  Primaryclass             = {hep-ex},
  Reportnumber             = {CERN-PH-EP-2013-054, LHCB-PAPER-2013-006},
  Slaccitation             = {%%CITATION = ARXIV:1304.4741;%%}
}

@Article{LHCb-PAPER-2013-007,
  Title                    = {{First measurement of the \CP-violating phase in $B^0_s \to \phi \phi$ decays}},
  Author                   = {Aaij, R. and others},
  Journal                  = {Phys. Rev. Lett.},
  Year                     = {2013},
  Pages                    = {241802},
  Volume                   = {110},

  Archiveprefix            = {arXiv},
  Collaboration            = {LHCb collaboration},
  Doi                      = {10.1103/PhysRevLett.110.241802},
  Eprint                   = {1303.7125},
  Primaryclass             = {hep-ex},
  Reportnumber             = {LHCB-PAPER-2013-007, CERN-PH-EP-2013-046},
  Slaccitation             = {%%CITATION = ARXIV:1303.7125;%%}
}

@Article{LHCb-PAPER-2013-008,
  Title                    = {{Measurement of $\jpsi$ polarization in $pp$ collisions at $\sqrt{s}=7 \tev$}},
  Author                   = {Aaij, R. and others},
  Journal                  = {Eur. Phys. J.},
  Year                     = {2013},
  Pages                    = {2631},
  Volume                   = {C73},

  Archiveprefix            = {arXiv},
  Collaboration            = {LHCb collaboration},
  Doi                      = {10.1140/epjc/s10052-013-2631-3},
  Eprint                   = {1307.6379},
  Primaryclass             = {hep-ex},
  Reportnumber             = {LHCB-PAPER-2013-008, CERN-PH-EP-2013-130},
  Slaccitation             = {%%CITATION = ARXIV:1307.6379;%%}
}

@Article{LHCb-PAPER-2013-009,
  Title                    = {{Limits on neutral Higgs production in the forward region in $pp$ collisions at $\sqrt{s}=7\tev$}},
  Author                   = {Aaij, R. and others},
  Journal                  = {JHEP},
  Year                     = {2013},
  Pages                    = {132},
  Volume                   = {05},

  Archiveprefix            = {arXiv},
  Collaboration            = {LHCb collaboration},
  Doi                      = {10.1007/JHEP05(2013)132},
  Eprint                   = {1304.2591},
  Primaryclass             = {hep-ex},
  Reportnumber             = {LHCB-PAPER-2013-009, CERN-PH-EP-2013-058},
  Slaccitation             = {%%CITATION = ARXIV:1304.2591;%%}
}

@Article{LHCb-PAPER-2013-010,
  Title                    = {{Observation of \decay{\Bcp}{\jpsi \Dsp} and \decay{\Bcp}{\jpsi \Dssp} decays}},
  Author                   = {Aaij, R. and others},
  Journal                  = {Phys. Rev.},
  Year                     = {2013},
  Pages                    = {112012},
  Volume                   = {D87},

  Archiveprefix            = {arXiv},
  Collaboration            = {LHCb collaboration},
  Doi                      = {10.1103/PhysRevD.87.112012},
  Eprint                   = {1304.4530},
  Primaryclass             = {hep-ex},
  Reportnumber             = {CERN-PH-EP-2013-051, LHCB-PAPER-2013-010},
  Slaccitation             = {%%CITATION = ARXIV:1304.4530;%%}
}

@Article{LHCb-PAPER-2013-011,
  Title                    = {{Precision measurements of \D meson mass differences}},
  Author                   = {Aaij, R. and others},
  Journal                  = {JHEP},
  Year                     = {2013},
  Pages                    = {65},
  Volume                   = {06},

  Archiveprefix            = {arXiv},
  Collaboration            = {LHCb collaboration},
  Doi                      = {10.1007/JHEP06(2013)065},
  Eprint                   = {1304.6865},
  Primaryclass             = {hep-ex},
  Reportnumber             = {CERN-PH-EP-2013-053, LHCB-PAPER-2013-011},
  Slaccitation             = {%%CITATION = ARXIV:1304.6865;%%}
}

@Article{LHCb-PAPER-2013-012,
  Title                    = {{First observation of the decay $\Bs \to\phi\Kstarzb$}},
  Author                   = {Aaij, R. and others},
  Journal                  = {JHEP},
  Year                     = {2013},
  Pages                    = {092},
  Volume                   = {11},

  Archiveprefix            = {arXiv},
  Collaboration            = {LHCb collaboration},
  Doi                      = {10.1007/JHEP11(2013)092},
  Eprint                   = {1306.2239},
  Primaryclass             = {hep-ex},
  Reportnumber             = {LHCb-PAPER-2013-012, CERN-PH-EP-2013-087},
  Slaccitation             = {%%CITATION = ARXIV:1306.2239;%%}
}

@Article{LHCb-PAPER-2013-013,
  Title                    = {{Search for the rare decay $D^{0}\to \mu^{+}\mu^{-}$}},
  Author                   = {Aaij, R. and others},
  Journal                  = {Phys. Lett.},
  Year                     = {2013},
  Pages                    = {15},
  Volume                   = {B725},

  Archiveprefix            = {arXiv},
  Collaboration            = {LHCb collaboration},
  Doi                      = {10.1016/j.physletb.2013.06.037},
  Eprint                   = {1305.5059},
  Primaryclass             = {hep-ex},
  Reportnumber             = {CERN-PH-EP-2013-083, LHCB-PAPER-2013-013},
  Slaccitation             = {%%CITATION = ARXIV:1305.5059;%%}
}

@Article{LHCb-PAPER-2013-014,
  Title                    = {{Searches for violation of lepton flavour and baryon number in tau lepton decays at LHCb}},
  Author                   = {Aaij, R. and others},
  Journal                  = {Phys. Lett.},
  Year                     = {2013},
  Pages                    = {36},
  Volume                   = {B724},

  Archiveprefix            = {arXiv},
  Collaboration            = {LHCb collaboration},
  Doi                      = {10.1016/j.physletb.2013.05.063},
  Eprint                   = {1304.4518},
  Primaryclass             = {hep-ex},
  Reportnumber             = {LHCB-PAPER-2013-014, CERN-PH-EP-2013-062},
  Slaccitation             = {%%CITATION = ARXIV:1304.4518;%%}
}

@Article{LHCb-PAPER-2013-015,
  Title                    = {{Measurement of the $\Bs \rightarrow \jpsi \KS$ effective lifetime}},
  Author                   = {Aaij, R. and others},
  Journal                  = {Nucl. Phys.},
  Year                     = {2013},
  Pages                    = {275-292},
  Volume                   = {B873},

  Archiveprefix            = {arXiv},
  Collaboration            = {LHCb collaboration},
  Doi                      = {10.1016/j.nuclphysb.2013.04.021},
  Eprint                   = {1304.4500},
  Primaryclass             = {hep-ex},
  Reportnumber             = {CERN-PH-EP-2013-063, LHCB-PAPER-2013-015},
  Slaccitation             = {%%CITATION = ARXIV:1304.4500;%%}
}

@Article{LHCb-PAPER-2013-016,
  Title                    = {{Production of $J/\psi$ and $\Upsilon$ mesons in $pp$ collisions at $\sqrt{s}=8 \tev$}},
  Author                   = {Aaij, R. and others},
  Journal                  = {JHEP},
  Year                     = {2013},
  Pages                    = {64},
  Volume                   = {06},

  __markedentry            = {[amazurov:1]},
  Archiveprefix            = {arXiv},
  Collaboration            = {LHCb collaboration},
  Doi                      = {10.1007/JHEP06(2013)064},
  Eprint                   = {1304.6977},
  Primaryclass             = {hep-ex},
  Reportnumber             = {CERN-PH-EP-2013-071, LHCB-PAPER-2013-016},
  Slaccitation             = {%%CITATION = ARXIV:1304.6977;%%}
}

@Article{LHCb-PAPER-2013-017,
  Title                    = {{Differential branching fraction and angular analysis of the decay $B_{s}^{0}\rightarrow\phi\mu^+\mu^-$}},
  Author                   = {Aaij, R. and others},
  Journal                  = {JHEP},
  Year                     = {2013},
  Pages                    = {84},
  Volume                   = {07},

  Archiveprefix            = {arXiv},
  Collaboration            = {LHCb collaboration},
  Doi                      = {10.1007/JHEP07(2013)084},
  Eprint                   = {1305.2168},
  Primaryclass             = {hep-ex},
  Reportnumber             = {CERN-PH-EP-2013-078, LHCB-PAPER-2013-017},
  Slaccitation             = {%%CITATION = ARXIV:1305.2168;%%}
}

@Article{LHCb-PAPER-2013-018,
  Title                    = {{First observation of \CP violation in the decays of $B_s^0$ mesons}},
  Author                   = {Aaij, R. and others},
  Journal                  = {Phys. Rev. Lett.},
  Year                     = {2013},
  Pages                    = {221601},
  Volume                   = {110},

  Archiveprefix            = {arXiv},
  Collaboration            = {LHCb collaboration},
  Doi                      = {10.1103/PhysRevLett.110.221601},
  Eprint                   = {1304.6173},
  Primaryclass             = {hep-ex},
  Reportnumber             = {CERN-PH-EP-2013-068, LHCB-PAPER-2013-018},
  Slaccitation             = {%%CITATION = ARXIV:1304.6173;%%}
}

@Article{LHCb-PAPER-2013-019,
  Title                    = {{Differential branching fraction and angular analysis of the decay $B^{0} \rightarrow K^{*0} \mu^{+}\mu^{-}$}},
  Author                   = {Aaij, R. and others},
  Journal                  = {JHEP},
  Year                     = {2013},
  Pages                    = {131},
  Volume                   = {08},

  Archiveprefix            = {arXiv},
  Collaboration            = {LHCb collaboration},
  Doi                      = {10.1007/JHEP08(2013)131},
  Eprint                   = {1304.6325},
  Primaryclass             = {hep-ex},
  Reportnumber             = {CERN-PH-EP-2013-074, LHCB-PAPER-2013-019},
  Slaccitation             = {%%CITATION = ARXIV:1304.6325;%%}
}

@Article{LHCb-PAPER-2013-020,
  Title                    = {{A measurement of $\gamma$ from a combination of $\Bpm \to Dh^\pm$ analyses}},
  Author                   = {Aaij, R. and others},
  Journal                  = {Phys. Lett.},
  Year                     = {2013},
  Pages                    = {151},
  Volume                   = {B726},

  Archiveprefix            = {arXiv},
  Collaboration            = {LHCb collaboration},
  Doi                      = {10.1016/j.physletb.2013.08.020},
  Eprint                   = {1305.2050},
  Primaryclass             = {hep-ex},
  Reportnumber             = {CERN-PH-EP-2013-079, LHCB-PAPER-2013-020},
  Slaccitation             = {%%CITATION = ARXIV:1305.2050;%%}
}

@Article{LHCb-PAPER-2013-021,
  Title                    = {{First observation of the decay $B_c^+ \to J/\psi K^+$}},
  Author                   = {Aaij, R. and others},
  Journal                  = {JHEP},
  Year                     = {2013},
  Pages                    = {075},
  Volume                   = {09},

  Archiveprefix            = {arXiv},
  Collaboration            = {LHCb collaboration},
  Doi                      = {10.1007/JHEP09(2013)075},
  Eprint                   = {1306.6723},
  Primaryclass             = {hep-ex},
  Reportnumber             = {CERN-PH-EP-2013-106, LHCB-PAPER-2013-021},
  Slaccitation             = {%%CITATION = ARXIV:1306.6723;%%}
}

@Article{LHCb-PAPER-2013-022,
  Title                    = {{Measurements of the branching fractions of the decays $B^0_s \rightarrow \overline{D}^0 K^- \pi^+$ and $B^0 \rightarrow \overline{D}^0 K^+ \pi^-$}},
  Author                   = {Aaij, R. and others},
  Journal                  = {Phys. Rev.},
  Year                     = {2013},
  Pages                    = {112009},
  Volume                   = {D87},

  Archiveprefix            = {arXiv},
  Collaboration            = {LHCb collaboration},
  Doi                      = {10.1103/PhysRevD.87.112009},
  Eprint                   = {1304.6317},
  Primaryclass             = {hep-ex},
  Reportnumber             = {LHCB-PAPER-2013-022, CERN-PH-EP-2013-070},
  Slaccitation             = {%%CITATION = ARXIV:1304.6317;%%}
}

@Article{LHCb-PAPER-2013-023,
  Title                    = {{Measurement of the polarisation amplitudes in $B^0 \to J/\psi K^{*0}(892)$ decays}},
  Author                   = {Aaij, R. and others},
  Journal                  = {Phys. Rev.},
  Year                     = {2013},
  Pages                    = {052002},
  Volume                   = {D88},

  Archiveprefix            = {arXiv},
  Collaboration            = {LHCb collaboration},
  Doi                      = {10.1103/PhysRevD.88.052002},
  Eprint                   = {1307.2782},
  Primaryclass             = {hep-ex},
  Reportnumber             = {CERN-PH-EP-2013-104, LHCB-PAPER-2013-023},
  Slaccitation             = {%%CITATION = ARXIV:1307.2782;%%}
}

@Article{LHCb-PAPER-2013-024,
  Title                    = {{Observation of $B^0_s\rightarrow\chi_{c1}\phi$ decay and study of $B^0\rightarrow\chi_{c1,2}K^{*0}$ decays}},
  Author                   = {Aaij, R. and others},
  Journal                  = {Nucl. Phys.},
  Year                     = {2013},
  Pages                    = {663},
  Volume                   = {B874},

  Archiveprefix            = {arXiv},
  Collaboration            = {LHCb collaboration},
  Doi                      = {10.1016/j.nuclphysb.2013.06.005},
  Eprint                   = {1305.6511},
  Primaryclass             = {hep-ex},
  Reportnumber             = {CERN-PH-EP-2013-088, LHCB-PAPER-2013-024},
  Slaccitation             = {%%CITATION = ARXIV:1305.6511;%%}
}

@Article{LHCb-PAPER-2013-025,
  Title                    = {{Measurement of the differential branching fraction of the decay $\Lb \to \Lz \mumu$}},
  Author                   = {Aaij, R. and others},
  Journal                  = {Phys. Lett.},
  Year                     = {2013},
  Pages                    = {25},
  Volume                   = {B725},

  Archiveprefix            = {arXiv},
  Collaboration            = {LHCb collaboration},
  Doi                      = {10.1016/j.physletb.2013.06.060},
  Eprint                   = {1306.2577},
  Primaryclass             = {hep-ex},
  Reportnumber             = {LHCB-PAPER-2013-025, CERN-PH-EP-2013-094},
  Slaccitation             = {%%CITATION = ARXIV:1306.2577;%%}
}

@Article{LHCb-PAPER-2013-026,
  Title                    = {{Study of $D_J$ meson decays to $\Dp\pim$, $\Dz\pip$ and $D^{*+}\pim$ final states in $pp$ collisions}},
  Author                   = {Aaij, R. and others},
  Journal                  = {JHEP},
  Year                     = {2013},
  Pages                    = {145},
  Volume                   = {09},

  Archiveprefix            = {arXiv},
  Collaboration            = {LHCb collaboration},
  Doi                      = {10.1007/JHEP09(2013)145},
  Eprint                   = {1307.4556},
  Primaryclass             = {hep-ex},
  Reportnumber             = {CERN-PH-EP-2013-122, LHCB-PAPER-2013-026},
  Slaccitation             = {%%CITATION = ARXIV:1307.4556;%%}
}

@Article{LHCb-PAPER-2013-027,
  Title                    = {{Measurement of \CP violation in the phase space of $B^\pm \to K^\pm\pi^+\pi^-$ and $B^\pm \to K^\pm K^+K^-$}},
  Author                   = {Aaij, R. and others},
  Journal                  = {Phys. Rev. Lett.},
  Year                     = {2013},
  Pages                    = {101801},
  Volume                   = {111},

  Archiveprefix            = {arXiv},
  Collaboration            = {LHCb collaboration},
  Doi                      = {10.1103/PhysRevLett.111.101801},
  Eprint                   = {1306.1246},
  Primaryclass             = {hep-ex},
  Reportnumber             = {LHCB-PAPER-2013-027, CERN-PH-EP-2013-090},
  Slaccitation             = {%%CITATION = ARXIV:1306.1246;%%}
}

@Article{LHCb-PAPER-2013-028,
  Title                    = {{Measurement of the relative rate of prompt $\chi_{c1}$, $\chi_{c2}$ and $\chi_{c0}$ production at $\sqrt{s}=7 \tev$}},
  Author                   = {Aaij, R. and others},
  Journal                  = {JHEP},
  Year                     = {2013},
  Pages                    = {115},
  Volume                   = {10},

  __markedentry            = {[amazurov:1]},
  Archiveprefix            = {arXiv},
  Collaboration            = {LHCb collaboration},
  Doi                      = {10.1007/JHEP10(2013)115},
  Eprint                   = {1307.4285},
  Primaryclass             = {hep-ex},
  Reportnumber             = {CERN-PH-EP-2013-114, LHCB-PAPER-2013-028},
  Slaccitation             = {%%CITATION = ARXIV:1307.4285;%%}
}

@Article{LHCb-PAPER-2013-029,
  Title                    = {{Limits on the $B^0_{(s)} \to J/\psi p\bar{p}$ and $B^+ \to J/\psi p\bar{p}\pi^+$ decays}},
  Author                   = {Aaij, R. and others},
  Journal                  = {JHEP},
  Year                     = {2013},
  Pages                    = {006},
  Volume                   = {09},

  Archiveprefix            = {arXiv},
  Collaboration            = {LHCb collaboration},
  Doi                      = {10.1007/JHEP09(2013)006},
  Eprint                   = {1306.4489},
  Primaryclass             = {hep-ex},
  Reportnumber             = {LHCB-PAPER-2013-029, CERN-PH-EP-2013-099},
  Slaccitation             = {%%CITATION = ARXIV:1306.4489;%%}
}

@Article{LHCb-PAPER-2013-030,
  Title                    = {{Search for the lepton-flavour violating decays $B_{s}^{0} \to e^{\pm} \mu^{\mp}$ and $B^{0} \to e^{\pm} \mu^{\mp}$}},
  Author                   = {Aaij, R. and others},
  Journal                  = {Phys. Rev. Lett.},
  Year                     = {2013},
  Pages                    = {141801},
  Volume                   = {111},

  Archiveprefix            = {arXiv},
  Collaboration            = {LHCb collaboration},
  Doi                      = {10.1103/PhysRevLett.111.141801},
  Eprint                   = {1307.4889},
  Primaryclass             = {hep-ex},
  Reportnumber             = {CERN-PH-EP-2013-123, LHCB-PAPER-2013-030},
  Slaccitation             = {%%CITATION = ARXIV:1307.4889;%%}
}

@Article{LHCb-PAPER-2013-031,
  Title                    = {{Studies of the decays $B^+\to \proton \antiproton h^+$ and observation of $B^+\to \Lbar(1520) p$}},
  Author                   = {Aaij, R. and others},
  Journal                  = {Phys. Rev.},
  Year                     = {2013},
  Pages                    = {052015},
  Volume                   = {D88},

  Archiveprefix            = {arXiv},
  Collaboration            = {LHCb collaboration},
  Doi                      = {10.1103/PhysRevD.88.052015},
  Eprint                   = {1307.6165},
  Primaryclass             = {hep-ex},
  Reportnumber             = {CERN-PH-EP-2013-125, LHCB-PAPER-2013-031},
  Slaccitation             = {%%CITATION = ARXIV:1307.6165;%%}
}

@Article{LHCb-PAPER-2013-032,
  Title                    = {{Precision measurement of the $\Lb$ baryon lifetime}},
  Author                   = {Aaij, R. and others},
  Journal                  = {Phys. Rev. Lett.},
  Year                     = {2013},
  Pages                    = {102003},
  Volume                   = {111},

  Archiveprefix            = {arXiv},
  Collaboration            = {LHCb collaboration},
  Doi                      = {10.1103/PhysRevLett.111.102003},
  Eprint                   = {1307.2476},
  Primaryclass             = {hep-ex},
  Reportnumber             = {CERN-PH-EP-2013-117, LHCB-PAPER-2013-032},
  Slaccitation             = {%%CITATION = ARXIV:1307.2476;%%}
}

@Article{LHCb-PAPER-2013-034,
  Title                    = {{Branching fraction ratio and CP asymmetry measurements of the $B^{+} \to K^{0} \pi^{+}$ and $B^{+} \to \overline{K}^{0} K^{+}$ decays}},
  Author                   = {Aaij, R. and others},
  Journal                  = {Phys. Lett.},
  Year                     = {2013},
  Pages                    = {646},
  Volume                   = {B726},

  Archiveprefix            = {arXiv},
  Collaboration            = {LHCb collaboration},
  Doi                      = {10.1016/j.physletb.2013.09.046},
  Eprint                   = {1308.1277},
  Primaryclass             = {hep-ex},
  Reportnumber             = {CERN-PH-EP-2013-147, LHCB-PAPER-2013-034},
  Slaccitation             = {%%CITATION = ARXIV:1308.1277;%%}
}

@Article{LHCb-PAPER-2013-035,
  Title                    = {{Observation of the decay $\Bs\to\Dzb\phi$}},
  Author                   = {Aaij, R. and others},
  Journal                  = {Phys. Lett.},
  Year                     = {2013},
  Pages                    = {403},
  Volume                   = {B727},

  Archiveprefix            = {arXiv},
  Collaboration            = {LHCb collaboration},
  Doi                      = {10.1016/j.physletb.2013.10.057},
  Eprint                   = {1308.4583},
  Primaryclass             = {hep-ex},
  Reportnumber             = {LHCB-PAPER-2013-035, CERN-PH-EP-2013-150},
  Slaccitation             = {%%CITATION = ARXIV:1308.4583;%%}
}

@Article{LHCb-PAPER-2013-036,
  Title                    = {{Observation of $B^0_s$ mixing and measurement of mixing frequencies using semileptonic $B$ decays}},
  Author                   = {Aaij, R. and others},
  Journal                  = {Eur. Phys. J.},
  Year                     = {2013},
  Pages                    = {2655},
  Volume                   = {C73},

  Archiveprefix            = {arXiv},
  Collaboration            = {LHCb collaboration},
  Doi                      = {10.1140/epjc/s10052-013-2655-8},
  Eprint                   = {1308.1302},
  Primaryclass             = {hep-ex},
  Reportnumber             = {LHCB-PAPER-2013-036, CERN-PH-EP-2013-143},
  Slaccitation             = {%%CITATION = ARXIV:1308.1302;%%}
}

@Article{LHCb-PAPER-2013-037,
  Title                    = {{Measurement of form factor independent observables in the decay $B^0\to K^{*0}\mu^+\mu^-$}},
  Author                   = {Aaij, R. and others},
  Journal                  = {Phys. Rev. Lett.},
  Year                     = {2013},
  Pages                    = {191801},
  Volume                   = {111},

  Archiveprefix            = {arXiv},
  Collaboration            = {LHCb collaboration},
  Doi                      = {10.1103/PhysRevLett.111.191801},
  Eprint                   = {1308.1707},
  Primaryclass             = {hep-ex},
  Reportnumber             = {LHCB-PAPER-2013-037, CERN-PH-EP-2013-146},
  Slaccitation             = {%%CITATION = ARXIV:1308.1707;%%}
}

@Article{LHCb-PAPER-2013-038,
  Title                    = {{First evidence for the two-body charmless baryonic decay $B^0\to p\bar{p}$}},
  Author                   = {Aaij, R. and others},
  Journal                  = {JHEP},
  Year                     = {2013},
  Pages                    = {005},
  Volume                   = {10},

  Archiveprefix            = {arXiv},
  Collaboration            = {LHCb collaboration},
  Doi                      = {10.1007/JHEP10(2013)005},
  Eprint                   = {1308.0961},
  Primaryclass             = {hep-ex},
  Reportnumber             = {LHCB-PAPER-2013-038, CERN-PH-EP-2013-138},
  Slaccitation             = {%%CITATION = ARXIV:1308.0961;%%}
}

@Article{LHCb-PAPER-2013-039,
  Title                    = {{Observation of a resonance in $B^+\to K^+\mu^+\mu^-$ decays at low recoil}},
  Author                   = {Aaij, R. and others},
  Journal                  = {Phys. Rev. Lett.},
  Year                     = {2013},
  Pages                    = {112003},
  Volume                   = {111},

  Archiveprefix            = {arXiv},
  Collaboration            = {LHCb collaboration},
  Doi                      = {10.1103/PhysRevLett.111.112003},
  Eprint                   = {1307.7595},
  Primaryclass             = {hep-ex},
  Reportnumber             = {LHCB-PAPER-2013-039, CERN-PH-EP-2013-137},
  Slaccitation             = {%%CITATION = ARXIV:1307.7595;%%}
}

@Article{LHCb-PAPER-2013-040,
  Title                    = {{First measurement of time-dependent $CP$ violation in $B_s^0\to K^+K^-$ decays}},
  Author                   = {Aaij, R. and others},
  Journal                  = {JHEP},
  Year                     = {2013},
  Pages                    = {183},
  Volume                   = {10},

  Archiveprefix            = {arXiv},
  Collaboration            = {LHCb collaboration},
  Doi                      = {10.1007/JHEP10(2013)183},
  Eprint                   = {1308.1428},
  Primaryclass             = {hep-ex},
  Reportnumber             = {CERN-PH-EP-2013-144, LHCB-PAPER-2013-040},
  Slaccitation             = {%%CITATION = ARXIV:1308.1428;%%}
}

@Article{LHCb-PAPER-2013-041,
  Title                    = {{Model-independent search for $CP$ violation in $D^{0} \to \pi^{-}\pi^{+}\pi^{+}\pi^{-}$ and $D^{0} \to K^{-}K^{+}\pi^{-}\pi^{+}$ decays }},
  Author                   = {Aaij, R. and others},
  Journal                  = {Phys. Lett.},
  Year                     = {2013},
  Pages                    = {623},
  Volume                   = {B726},

  Archiveprefix            = {arXiv},
  Collaboration            = {LHCb collaboration},
  Doi                      = {10.1016/j.physletb.2013.09.011},
  Eprint                   = {1308.3189},
  Primaryclass             = {hep-ex},
  Reportnumber             = {CERN-PH-EP-2013-151, LHCB-PAPER-2013-041},
  Slaccitation             = {%%CITATION = ARXIV:1308.3189;%%}
}

@Article{LHCb-PAPER-2013-042,
  Title                    = {{Study of $B_{(s)}^0 \to \KS h^+ h^{\prime -}$ decays with first observation of $B_s^0 \to \KS K^\pm \pi^\mp$ and $B_s^0 \to \KS \pi^+\pi^-$}},
  Author                   = {Aaij, R. and others},
  Journal                  = {JHEP},
  Year                     = {2013},
  Pages                    = {143},
  Volume                   = {10},

  Archiveprefix            = {arXiv},
  Collaboration            = {LHCb collaboration},
  Doi                      = {10.1007/JHEP10(2013)143},
  Eprint                   = {1307.7648},
  Primaryclass             = {hep-ex},
  Reportnumber             = {CERN-PH-EP-2013-139, LHCB-PAPER-2013-042},
  Slaccitation             = {%%CITATION = ARXIV:1307.7648;%%}
}

@Article{LHCb-PAPER-2013-043,
  Title                    = {{Measurement of the $\CP$ asymmetry in $B^+\to K^+\mu^+\mu^-$ decays}},
  Author                   = {Aaij, R. and others},
  Journal                  = {Phys. Rev. Lett.},
  Year                     = {2013},
  Pages                    = {151801},
  Volume                   = {111},

  Archiveprefix            = {arXiv},
  Collaboration            = {LHCb collaboration},
  Doi                      = {10.1103/PhysRevLett.111.151801},
  Eprint                   = {1308.1340},
  Primaryclass             = {hep-ex},
  Reportnumber             = {CERN-PH-EP-2013-145, LHCB-PAPER-2013-043},
  Slaccitation             = {%%CITATION = ARXIV:1308.1340;%%}
}

@Article{LHCb-PAPER-2013-044,
  Title                    = {{Observation of the decay $B_c^+\to B_s^0\pi^+$}},
  Author                   = {Aaij, R. and others},
  Journal                  = {Phys. Rev. Lett.},
  Year                     = {2013},
  Pages                    = {181801},
  Volume                   = {111},

  Archiveprefix            = {arXiv},
  Collaboration            = {LHCb collaboration},
  Doi                      = {10.1103/PhysRevLett.111.181801},
  Eprint                   = {1308.4544},
  Primaryclass             = {hep-ex},
  Reportnumber             = {CERN-PH-EP-2013-136, LHCB-PAPER-2013-044},
  Slaccitation             = {%%CITATION = ARXIV:1308.4544;%%}
}

@Article{LHCb-PAPER-2013-045,
  Title                    = {{First observation of the decay $\overline{B}^0\rightarrow J/\psi K^+K^-$ and search for $\overline{B}^0\rightarrow J/\psi \phi$}},
  Author                   = {Aaij, R. and others},
  Journal                  = {Phys. Rev.},
  Year                     = {2013},
  Pages                    = {072005},
  Volume                   = {D88},

  Archiveprefix            = {arXiv},
  Collaboration            = {LHCb collaboration},
  Doi                      = {10.1103/PhysRevD.88.072005},
  Eprint                   = {1308.5916},
  Primaryclass             = {hep-ex},
  Reportnumber             = {CERN-PH-EP-2013-159, LHCB-PAPER-2013-045},
  Slaccitation             = {%%CITATION = ARXIV:1308.5916;%%}
}

@Article{LHCb-PAPER-2013-046,
  Title                    = {{Measurement of the $B_s^0\to\mu^+\mu^-$ branching fraction and search for $B^0\to\mu^+\mu^-$ decays at the LHCb experiment}},
  Author                   = {Aaij, R. and others},
  Journal                  = {Phys. Rev. Lett.},
  Year                     = {2013},
  Pages                    = {101805},
  Volume                   = {111},

  Archiveprefix            = {arXiv},
  Collaboration            = {LHCb collaboration},
  Doi                      = {10.1103/PhysRevLett.111.101805},
  Eprint                   = {1307.5024},
  Primaryclass             = {hep-ex},
  Reportnumber             = {CERN-PH-EP-2013-128, LHCB-PAPER-2013-046},
  Slaccitation             = {%%CITATION = ARXIV:1307.5024;%%}
}

@Article{LHCb-PAPER-2013-047,
  Title                    = {{Observation of the decay $\Bc \to \jpsi \Kp\Km \pip$}},
  Author                   = {Aaij, R. and others},
  Journal                  = {JHEP},
  Year                     = {2013},
  Pages                    = {094},
  Volume                   = {11},

  Archiveprefix            = {arXiv},
  Collaboration            = {LHCb collaboration},
  Doi                      = {10.1007/JHEP11(2013)094},
  Eprint                   = {1309.0587},
  Primaryclass             = {hep-ex},
  Reportnumber             = {CERN-PH-EP-2013-165, LHCB-PAPER-2012-047},
  Slaccitation             = {%%CITATION = ARXIV:1309.0587;%%}
}

@Article{LHCb-PAPER-2013-049,
  Title                    = {{Search for the doubly charmed baryon $\Xi_{cc}^+$}},
  Author                   = {Aaij, R. and others},
  Journal                  = {JHEP},
  Year                     = {2013},
  Pages                    = {90},
  Volume                   = {12},

  Archiveprefix            = {arXiv},
  Collaboration            = {LHCb collaboration},
  Doi                      = {10.1007/JHEP12(2013)090},
  Eprint                   = {1310.2538},
  Primaryclass             = {hep-ex},
  Reportnumber             = {LHCB-PAPER-2013-049, CERN-PH-EP-2013-181},
  Slaccitation             = {%%CITATION = ARXIV:1310.2538;%%}
}

@Article{LHCb-PAPER-2013-052,
  Title                    = {{Study of $\jpsi$ production and cold nuclear matter effects in $p$Pb collisions}},
  Author                   = {Aaij, R. and others},
  Year                     = {2013},
  Note                     = {{submitted to JHEP}},

  Archiveprefix            = {arXiv},
  Collaboration            = {LHCb collaboration},
  Eprint                   = {1308.6729},
  Primaryclass             = {nucl-ex},
  Reportnumber             = {CERN-PH-EP-2013-156, LHCB-PAPER-2013-052},
  Slaccitation             = {%%CITATION = ARXIV:1308.6729;%%}
}

@Article{LHCb-PAPER-2013-053,
  Title                    = {{Measurement of $\Dz$--$\Dzb$ mixing parameters and search for \CP violation using $\Dz \to \Kp\pim$ decays}},
  Author                   = {Aaij, R. and others},
  Journal                  = {Phys. Rev. Lett.},
  Year                     = {2013},
  Pages                    = {251801},
  Volume                   = {111},

  Archiveprefix            = {arXiv},
  Collaboration            = {LHCb collaboration},
  Doi                      = {10.1103/PhysRevLett.111.251801},
  Eprint                   = {1309.6534},
  Primaryclass             = {hep-ex},
  Reportnumber             = {CERN-PH-EP-2013-176, LHCB-PAPER-2013-053},
  Slaccitation             = {%%CITATION = ARXIV:1309.6534;%%}
}

@Article{LHCb-PAPER-2013-054,
  Title                    = {{Measurements of indirect $CP$ violation in $D^0\to K^-K^+$ and $D^0\to\pi^-\pi^+$ decays}},
  Author                   = {Aaij, R. and others},
  Year                     = {2013},
  Note                     = {{to appear in Phys. Rev. Lett.}},

  Archiveprefix            = {arXiv},
  Collaboration            = {LHCb collaboration},
  Eprint                   = {1310.7201},
  Primaryclass             = {hep-ex},
  Reportnumber             = {LHCB-PAPER-2013-054, CERN-PH-EP-2013-180},
  Slaccitation             = {%%CITATION = ARXIV:1310.7201;%%}
}

@Article{LHCb-PAPER-2013-055,
  Title                    = {{Observation of $\overline{B}^0_{(s)}\to J/\psi f_1(1285)$ decays and measurement of the $f_1(1285)$ mixing angle}},
  Author                   = {Aaij, R. and others},
  Year                     = {2013},
  Note                     = {{to appear in Phys. Rev. Lett.}},

  Archiveprefix            = {arXiv},
  Collaboration            = {LHCb collaboration},
  Eprint                   = {1310.2145},
  Primaryclass             = {hep-ex},
  Reportnumber             = {CERN-PH-EP-2013-186, LHCB-PAPER-2013-055},
  Slaccitation             = {%%CITATION = ARXIV:1310.2145;%%}
}

@Article{LHCb-PAPER-2013-056,
  Title                    = {{Study of beauty baryon decays to $D^0 p h^-$ and $\Lc h^-$ final states}},
  Author                   = {Aaij, R. and others},
  Year                     = {2013},
  Note                     = {{to appear in Phys. Rev. D}},

  Archiveprefix            = {arXiv},
  Collaboration            = {LHCb collaboration},
  Eprint                   = {1311.4823},
  Primaryclass             = {hep-ex},
  Reportnumber             = {CERN-PH-EP-2013-207, LHCB-PAPER-2013-056},
  Slaccitation             = {%%CITATION = ARXIV:1311.4823;%%}
}

@Article{LHCb-PAPER-2013-060,
  Title                    = {{Measurement of the $\bar{B}^0_s\to D_s^+D_s^-$ and $\bar{B}^0_s\to D^-D_s^+$ effective lifetimes}},
  Author                   = {Aaij, R. and others},
  Year                     = {2013},
  Note                     = {{to appear in Phys. Rev. Lett.}},

  Archiveprefix            = {arXiv},
  Collaboration            = {LHCb collaboration},
  Eprint                   = {1312.1217},
  Primaryclass             = {hep-ex},
  Reportnumber             = {LHCB-PAPER-2013-060, CERN-PH-EP-2013-218},
  Slaccitation             = {%%CITATION = ARXIV:1312.1217;%%}
}

@Article{LHCb-PAPER-2013-061,
  Title                    = {{Observation of $\Lb \to \KS \proton \pim$ and searches for $\Lb$ and $\Xi_b^0$ decays to $\KS \proton \pim$ and $\KS \proton \Km$ final states}},
  Author                   = {Aaij, R. and others},
  Year                     = {2013},
  Note                     = {{in preparation}},

  Collaboration            = {LHCb collaboration},
  Report                   = {{LHCb-PAPER-2013-061}}
}

@Article{LHCb-PAPER-2013-063,
  Title                    = {{\Bc lifetime using $\Bc\to \jpsi \mu X$}},
  Author                   = {Aaij, R. and others},
  Year                     = {2013},
  Note                     = {{in preparation}},

  Collaboration            = {LHCb collaboration},
  Report                   = {{LHCb-PAPER-2013-063}}
}

@Article{LHCb-PAPER-2013-064,
  Title                    = {{Search for Majorana neutrinos in $\Bm \to \pip\mun\mun$ decays}},
  Author                   = {Aaij, R. and others},
  Year                     = {2013},
  Note                     = {{in preparation}},

  Collaboration            = {LHCb collaboration},
  Report                   = {{LHCb-PAPER-2013-064}}
}

@Article{LHCb-PAPER-2013-065,
  Title                    = {{Measurement of the $B^+$, $B^0$, $B_s^0$ meson and $\Lambda_b^0$ baryon lifetimes, lifetime ratios and $\Delta\Gamma_d/\Gamma_d$}},
  Author                   = {Aaij, R. and others},
  Year                     = {2013},
  Note                     = {{in preparation}},

  Collaboration            = {LHCb collaboration},
  Report                   = {{LHCb-PAPER-2013-065}}
}

@Article{LHCb-PAPER-2013-066,
  Title                    = {{Measurement of $\Upsilon$ production in $pp$ collisions at $\sqrt{s} = 2.76 \tev$}},
  Author                   = {Aaij, R. and others},
  Year                     = {2013},
  Note                     = {{in preparation}},

  Collaboration            = {LHCb collaboration},
  Report                   = {{LHCb-PAPER-2013-066}}
}

@Article{LHCb-PAPER-2013-067,
  Title                    = {{Measurement of $\psi(2S)$ polarisation in $pp$ collisions at $\sqrt{s} = 7 \tev$}},
  Author                   = {Aaij, R. and others},
  Year                     = {2013},
  Note                     = {{in preparation}},

  Collaboration            = {LHCb collaboration},
  Report                   = {{LHCb-PAPER-2013-067}}
}

@Article{LHCb-PAPER-2013-068,
  Title                    = {{A study of \CP violation in the decays $\Bpm \to \left[\KS \Kpm\pimp\right]_D h^\pm$ and $\Bpm \to \left[\KS \Kmp\pipm\right]_D h^\pm$ ($h = \pi, K$)}},
  Author                   = {Aaij, R. and others},
  Year                     = {2013},
  Note                     = {{in preparation}},

  Collaboration            = {LHCb collaboration},
  Report                   = {{LHCb-PAPER-2013-068}}
}

@Article{LHCb-PAPER-2013-069,
  Title                    = {{Measurement of resonant and \CP components in $\Bsb \to \jpsi \pip\pim$ decay}},
  Author                   = {Aaij, R. and others},
  Year                     = {2013},
  Note                     = {{in preparation}},

  Collaboration            = {LHCb collaboration},
  Report                   = {{LHCb-PAPER-2013-069}}
}

@Article{LHCb-PAPER-2013-070,
  Title                    = {{Measurement of charged particle multiplicities and densities in $pp$ collisions at $\sqrt{s} = 7 \tev$ in the forward region}},
  Author                   = {Aaij, R. and others},
  Year                     = {2013},
  Note                     = {{in preparation}},

  Collaboration            = {LHCb collaboration},
  Report                   = {{LHCb-PAPER-2013-070}}
}

@Article{LHCb-PAPER-2011-009,
  Title                    = {{Search for lepton number violating decays $B^{+}\rightarrow \pi^- \mu^+ \mu^+$ and $B^{+}\rightarrow K^- \mu^+ \mu^+$}},
  Author                   = {Aaij, R. and others},
  Journal                  = {Phys. Rev. Lett.},
  Year                     = {2012},
  Pages                    = {101601},
  Volume                   = {108},

  Archiveprefix            = {arXiv},
  Collaboration            = {LHCb collaboration},
  Doi                      = {10.1103/PhysRevLett.108.101601},
  Eprint                   = {1110.0730},
  Primaryclass             = {hep-ex},
  Reportnumber             = {LHCb-PAPER-2011-009, CERN-PH-EP-2011-156},
  Slaccitation             = {%%CITATION = ARXIV:1110.0730;%%}
}

@Article{LHCb-PAPER-2011-010,
  Title                    = {{Measurement of the $\Bs-\Bsb$ oscillation frequency $\Delta m_s$ in $\Bs \to \Dsm (3)\pi$ decays}},
  Author                   = {Aaij, R. and others},
  Journal                  = {Phys. Lett.},
  Year                     = {2012},
  Pages                    = {177},
  Volume                   = {B709},

  Archiveprefix            = {arXiv},
  Collaboration            = {LHCb collaboration},
  Doi                      = {10.1016/j.physletb.2012.02.031},
  Eprint                   = {1112.4311},
  Primaryclass             = {hep-ex},
  Reportnumber             = {LHCb-PAPER-2011-010, CERN-PH-EP-2011-194},
  Slaccitation             = {%%CITATION = ARXIV:1112.4311;%%}
}

@Article{LHCb-PAPER-2011-011,
  Title                    = {{Measurement of charged particle multiplicities in $pp$ collisions at $\sqrt{s} =7\tev$ in the forward region}},
  Author                   = {Aaij, R. and others},
  Journal                  = {Eur. Phys. J.},
  Year                     = {2012},
  Pages                    = {1947},
  Volume                   = {C72},

  Archiveprefix            = {arXiv},
  Collaboration            = {LHCb collaboration},
  Doi                      = {10.1140/epjc/s10052-012-1947-8},
  Eprint                   = {1112.4592},
  Primaryclass             = {hep-ex},
  Reportnumber             = {LHCb-PAPER-2011-011, CERN-PH-EP-2011-209},
  Slaccitation             = {%%CITATION = ARXIV:1112.4592;%%}
}

@Article{LHCb-PAPER-2011-012,
  Title                    = {{First observation of the decay $\Bs \rightarrow \Kstarz \Kstarzb$}},
  Author                   = {Aaij, R. and others},
  Journal                  = {Phys. Lett.},
  Year                     = {2012},
  Pages                    = {50},
  Volume                   = {B709},

  Archiveprefix            = {arXiv},
  Collaboration            = {LHCb collaboration},
  Doi                      = {10.1016/j.physletb.2012.02.001},
  Eprint                   = {1111.4183},
  Primaryclass             = {hep-ex},
  Reportnumber             = {CERN-PH-EP-2011-183, LHCb-PAPER-2011-012},
  Slaccitation             = {%%CITATION = ARXIV:1111.4183;%%}
}

@Article{LHCb-PAPER-2011-013,
  Title                    = {{Observation of $J/\psi$-pair production in pp collisions at $\sqrt{s}=7 \tev$}},
  Author                   = {Aaij, R. and others},
  Journal                  = {Phys. Lett.},
  Year                     = {2012},
  Pages                    = {52},
  Volume                   = {B707},

  Archiveprefix            = {arXiv},
  Collaboration            = {LHCb collaboration},
  Doi                      = {10.1016/j.physletb.2011.12.015},
  Eprint                   = {1109.0963},
  Primaryclass             = {hep-ex},
  Reportnumber             = {LHCb-PAPER-2011-013, CERN-PH-EP-2011-135},
  Slaccitation             = {%%CITATION = ARXIV:1109.0963;%%}
}

@Article{LHCb-PAPER-2011-014,
  Title                    = {{Measurement of the effective $B^0_s\rightarrow K^+K^-$ lifetime}},
  Author                   = {Aaij, R. and others},
  Journal                  = {Phys. Lett.},
  Year                     = {2012},
  Pages                    = {349},
  Volume                   = {B707},

  Archiveprefix            = {arXiv},
  Collaboration            = {LHCb collaboration},
  Doi                      = {10.1016/j.physletb.2011.12.058},
  Eprint                   = {1111.0521},
  Primaryclass             = {hep-ex},
  Reportnumber             = {CERN-PH-EP-2011-167, LHCb-PAPER-2011-014},
  Slaccitation             = {%%CITATION = ARXIV:1111.0521;%%}
}

@Article{LHCb-PAPER-2011-015,
  Title                    = {{Absolute luminosity measurements with the LHCb detector at the LHC}},
  Author                   = {Aaij, R. and others},
  Journal                  = {JINST},
  Year                     = {2012},
  Pages                    = {P01010},
  Volume                   = {7},

  Archiveprefix            = {arXiv},
  Collaboration            = {LHCb collaboration},
  Doi                      = {10.1088/1748-0221/7/01/P01010},
  Eprint                   = {1110.2866},
  Primaryclass             = {hep-ex},
  Reportnumber             = {LHCb-PAPER-2011-015, CERN-PH-EP-2011-157},
  Slaccitation             = {%%CITATION = ARXIV:1110.2866;%%}
}

@Article{LHCb-PAPER-2011-018,
  Title                    = {{Measurement of \bquark hadron production fractions in $7\tev$ $pp$ collisions}},
  Author                   = {Aaij, R. and others},
  Journal                  = {Phys. Rev.},
  Year                     = {2012},
  Pages                    = {032008},
  Volume                   = {D85},

  Archiveprefix            = {arXiv},
  Collaboration            = {LHCb collaboration},
  Doi                      = {10.1103/PhysRevD.85.032008},
  Eprint                   = {1111.2357},
  Primaryclass             = {hep-ex},
  Reportnumber             = {CERN-PH-EP-2011-172, LHCb-PAPER-2011-018},
  Slaccitation             = {%%CITATION = ARXIV:1111.2357;%%}
}

@Article{LHCb-PAPER-2011-019,
  Title                    = {{Measurement of the cross-section ratio $\sigma(\chi_{c2})/\sigma(\chi_{c1})$ for prompt $\chi_c$ production at $\sqrt{s}=7\tev$}},
  Author                   = {Aaij, R. and others},
  Journal                  = {Phys. Lett.},
  Year                     = {2012},
  Pages                    = {215-223},
  Volume                   = {B714},

  __markedentry            = {[amazurov:1]},
  Archiveprefix            = {arXiv},
  Collaboration            = {LHCb collaboration},
  Doi                      = {10.1016/j.physletb.2012.06.077},
  Eprint                   = {1202.1080},
  Primaryclass             = {hep-ex},
  Reportnumber             = {LHCb-PAPER-2011-019, CERN-PH-EP-2011-227},
  Slaccitation             = {%%CITATION = ARXIV:1202.1080;%%}
}

@Article{LHCb-PAPER-2011-020,
  Title                    = {{Differential branching fraction and angular analysis of the decay $B^{0} \rightarrow K^{*0} \mu^+ \mu^-$}},
  Author                   = {Aaij, R. and others},
  Journal                  = {Phys. Rev. Lett.},
  Year                     = {2012},
  Pages                    = {181806},
  Volume                   = {108},

  Archiveprefix            = {arXiv},
  Collaboration            = {LHCb collaboration},
  Doi                      = {10.1103/PhysRevLett.108.181806},
  Eprint                   = {1112.3515},
  Primaryclass             = {hep-ex},
  Reportnumber             = {LHCb-PAPER-2011-020, CERN-PH-EP-2011-211},
  Slaccitation             = {%%CITATION = ARXIV:1112.3515;%%}
}

@Article{LHCb-PAPER-2011-021,
  Title                    = {{Measurement of the \CP-violating phase $\phi_s$ in the decay $\Bs \to J/\psi \phi$}},
  Author                   = {Aaij, R. and others},
  Journal                  = {Phys. Rev. Lett.},
  Year                     = {2012},
  Pages                    = {101803},
  Volume                   = {108},

  Archiveprefix            = {arXiv},
  Collaboration            = {LHCb collaboration},
  Doi                      = {10.1103/PhysRevLett.108.101803},
  Eprint                   = {1112.3183},
  Primaryclass             = {hep-ex},
  Reportnumber             = {CERN-PH-EP-2011-214, LHCb-PAPER-2011-021},
  Slaccitation             = {%%CITATION = ARXIV:1112.3183;%%}
}

@Article{LHCb-PAPER-2011-022,
  Title                    = {{Measurements of the branching fractions of the decays $B^{0}_{s} \to D^{\mp}_{s} K^{\pm} $ and $B^{0}_{s} \to D^{-}_{s} \pi^{+}$}},
  Author                   = {Aaij, R and others},
  Journal                  = {JHEP},
  Year                     = {2012},
  Pages                    = {115},
  Volume                   = {06},

  Archiveprefix            = {arXiv},
  Collaboration            = {LHCb collaboration},
  Doi                      = {10.1007/JHEP06(2012)115},
  Eprint                   = {1204.1237},
  Primaryclass             = {hep-ex},
  Reportnumber             = {CERN-PH-EP-2012-091, LHCb-PAPER-2011-022},
  Slaccitation             = {%%CITATION = ARXIV:1204.1237;%%}
}

@Article{LHCb-PAPER-2011-023,
  Title                    = {{Evidence for \CP violation in time-integrated $D^0 \rightarrow h^-h^+$ decay rates}},
  Author                   = {Aaij, R. and others},
  Journal                  = {Phys. Rev. Lett.},
  Year                     = {2012},
  Pages                    = {111602},
  Volume                   = {108},

  Archiveprefix            = {arXiv},
  Collaboration            = {LHCb collaboration},
  Doi                      = {10.1103/PhysRevLett.108.111602},
  Eprint                   = {1112.0938},
  Primaryclass             = {hep-ex},
  Reportnumber             = {LHCb-PAPER-2011-023, CERN-PH-EP-2011-208},
  Slaccitation             = {%%CITATION = ARXIV:1112.0938;%%}
}

@Article{LHCb-PAPER-2011-024,
  Title                    = {{Measurements of the branching fractions and \CP asymmetries of $\Bpm \to \jpsi \pipm$ and $\Bpm \to \psitwos \pipm$ decays}},
  Author                   = {Aaij, R. and others},
  Journal                  = {Phys. Rev.},
  Year                     = {2012},
  Pages                    = {091105(R)},
  Volume                   = {D85},

  Archiveprefix            = {arXiv},
  Collaboration            = {LHCb collaboration},
  Doi                      = {10.1103/PhysRevD.85.091105},
  Eprint                   = {1203.3592},
  Primaryclass             = {hep-ex},
  Reportnumber             = {LHCb-PAPER-2011-024, CERN-PH-EP-2012-070},
  Slaccitation             = {%%CITATION = ARXIV:1203.3592;%%}
}

@Article{LHCb-PAPER-2011-025,
  Title                    = {{Search for the rare decays $B^0_s \to \mu^+\mu^-$ and $B^0 \to \mu^+\mu^-$}},
  Author                   = {Aaij, R. and others},
  Journal                  = {Phys. Lett.},
  Year                     = {2012},
  Pages                    = {55},
  Volume                   = {B708},

  Archiveprefix            = {arXiv},
  Collaboration            = {LHCb collaboration},
  Doi                      = {10.1016/j.physletb.2012.01.038},
  Eprint                   = {1112.1600},
  Primaryclass             = {hep-ex},
  Reportnumber             = {CERN-PH-EP-2011-186, LHCb-PAPER-2011-025},
  Slaccitation             = {%%CITATION = ARXIV:1112.1600;%%}
}

@Article{LHCb-PAPER-2011-026,
  Title                    = {{Observation of $\Bsb \to J/\psi f'_2(1525)$ in $J/\psi K^+K^-$ final states}},
  Author                   = {Aaij, R. and others},
  Journal                  = {Phys. Rev. Lett.},
  Year                     = {2012},
  Pages                    = {151801},
  Volume                   = {108},

  Archiveprefix            = {arXiv},
  Collaboration            = {LHCb collaboration},
  Doi                      = {10.1103/PhysRevLett.108.151801},
  Eprint                   = {1112.4695},
  Primaryclass             = {hep-ex},
  Reportnumber             = {CERN-PH-EP-2011-212, LHCb-PAPER-2011-026},
  Slaccitation             = {%%CITATION = ARXIV:1112.4695;%%}
}

@Article{LHCb-PAPER-2011-027,
  Title                    = {{Opposite-side flavour tagging of \B mesons at the LHCb experiment}},
  Author                   = {Aaij, R. and others},
  Journal                  = {Eur. Phys. J.},
  Year                     = {2012},
  Pages                    = {2022},
  Volume                   = {C72},

  Archiveprefix            = {arXiv},
  Collaboration            = {LHCb collaboration},
  Doi                      = {10.1140/epjc/s10052-012-2022-1},
  Eprint                   = {1202.4979},
  Primaryclass             = {hep-ex},
  Reportnumber             = {CERN-PH-EP-2012-034, LHCb-PAPER-2011-027},
  Slaccitation             = {%%CITATION = ARXIV:1202.4979;%%}
}

@Article{LHCb-PAPER-2011-028,
  Title                    = {{Determination of the sign of the decay width difference in the \Bs system}},
  Author                   = {Aaij, R. and others},
  Journal                  = {Phys. Rev. Lett.},
  Year                     = {2012},
  Pages                    = {241801},
  Volume                   = {108},

  Archiveprefix            = {arXiv},
  Collaboration            = {LHCb collaboration},
  Doi                      = {10.1103/PhysRevLett.108.241801},
  Eprint                   = {1202.4717},
  Primaryclass             = {hep-ex},
  Reportnumber             = {CERN-PH-EP-2012-050, LHCB-PAPER-2011-028},
  Slaccitation             = {%%CITATION = ARXIV:1202.4717;%%}
}

@Article{LHCb-PAPER-2011-029,
  Title                    = {{First evidence of direct \CP violation in charmless two-body decays of \Bs mesons}},
  Author                   = {Aaij, R. and others},
  Journal                  = {Phys. Rev. Lett.},
  Year                     = {2012},
  Pages                    = {201601},
  Volume                   = {108},

  Archiveprefix            = {arXiv},
  Collaboration            = {LHCb collaboration},
  Doi                      = {10.1103/PhysRevLett.108.201601},
  Eprint                   = {1202.6251},
  Primaryclass             = {hep-ex},
  Reportnumber             = {CERN-PH-EP-2012-058, LHCb-PAPER-2011-029}
}

@Article{LHCb-PAPER-2011-030,
  Title                    = {{Measurement of the ratio of prompt $\chi_{c}$ to $J/\psi$ production in $pp$ collisions at $\sqrt{s}=7\tev$}},
  Author                   = {Aaij, R. and others},
  Journal                  = {Phys. Lett.},
  Year                     = {2012},
  Pages                    = {431},
  Volume                   = {B718},

  __markedentry            = {[amazurov:1]},
  Archiveprefix            = {arXiv},
  Collaboration            = {LHCb collaboration},
  Doi                      = {10.1016/j.physletb.2012.10.068},
  Eprint                   = {1204.1462},
  Primaryclass             = {hep-ex},
  Reportnumber             = {CERN-PH-EP-2012-068, LHCb-PAPER-2011-030},
  Slaccitation             = {%%CITATION = ARXIV:1204.1462;%%}
}

@Article{LHCb-PAPER-2011-031,
  Title                    = {{Measurement of the \CP violating phase $\phi_s$ in $\Bsb \to J/\psi f_0(980)$}},
  Author                   = {Aaij, R. and others},
  Journal                  = {Phys. Lett.},
  Year                     = {2012},
  Pages                    = {497},
  Volume                   = {B707},

  Archiveprefix            = {arXiv},
  Collaboration            = {LHCb collaboration},
  Doi                      = {10.1016/j.physletb.2012.01.017},
  Eprint                   = {1112.3056},
  Primaryclass             = {hep-ex},
  Reportnumber             = {CERN-PH-EP-2011-205, LHCb-PAPER-2011-031},
  Slaccitation             = {%%CITATION = ARXIV:1112.3056;%%}
}

@Article{LHCb-PAPER-2011-032,
  Title                    = {{Measurement of mixing and \CP violation parameters in two-body charm decays}},
  Author                   = {Aaij, R. and others},
  Journal                  = {JHEP},
  Year                     = {2012},
  Pages                    = {129},
  Volume                   = {04},

  Archiveprefix            = {arXiv},
  Collaboration            = {LHCb collaboration},
  Doi                      = {10.1007/JHEP04(2012)129},
  Eprint                   = {1112.4698},
  Primaryclass             = {hep-ex},
  Reportnumber             = {LHCb-PAPER-2011-032, CERN-PH-EP-2011-206},
  Slaccitation             = {%%CITATION = ARXIV:1112.4698;%%}
}

@Article{LHCb-PAPER-2011-033,
  Title                    = {{Search for the $X(4140)$ state in $B^+\to J/\psi\phi K^+$ decays}},
  Author                   = {Aaij, R. and others},
  Journal                  = {Phys. Rev.},
  Year                     = {2012},
  Pages                    = {091103(R)},
  Volume                   = {D85},

  Archiveprefix            = {arXiv},
  Collaboration            = {LHCb collaboration},
  Doi                      = {10.1103/PhysRevD.85.091103},
  Eprint                   = {1202.5087},
  Primaryclass             = {hep-ex},
  Reportnumber             = {LHCb-PAPER-2011-033, CERN-PH-EP-2012-004}
}

@Article{LHCb-PAPER-2011-035,
  Title                    = {{Measurement of \bquark-hadron masses}},
  Author                   = {Aaij, R. and others},
  Journal                  = {Phys. Lett.},
  Year                     = {2012},
  Pages                    = {241},
  Volume                   = {B708},

  Archiveprefix            = {arXiv},
  Collaboration            = {LHCb collaboration},
  Doi                      = {10.1016/j.physletb.2012.01.058},
  Eprint                   = {1112.4896},
  Primaryclass             = {hep-ex},
  Reportnumber             = {LHCb-PAPER-2011-035, CERN-PH-EP-2011-226},
  Slaccitation             = {%%CITATION = ARXIV:1112.4896;%%}
}

@Article{LHCb-PAPER-2011-036,
  Title                    = {{Measurement of $\Upsilon$ production in $pp$ collisions at $\sqrt{s} = 7 \tev$}},
  Author                   = {Aaij, R. and others},
  Journal                  = {Eur. Phys. J.},
  Year                     = {2012},
  Pages                    = {2025},
  Volume                   = {C72},

  __markedentry            = {[amazurov:1]},
  Archiveprefix            = {arXiv},
  Collaboration            = {LHCb collaboration},
  Doi                      = {10.1140/epjc/s10052-012-2025-y},
  Eprint                   = {1202.6579},
  Primaryclass             = {hep-ex},
  Reportnumber             = {CERN-PH-EP-2012-051, LHCb-PAPER-2011-036},
  Slaccitation             = {%%CITATION = ARXIV:1202.6579;%%}
}

@Article{LHCb-PAPER-2011-037,
  Title                    = {{Measurement of prompt hadron production ratios in $pp$ collisions at $\sqrt{s} = $ 0.9 and $7\tev$}},
  Author                   = {Aaij, R. and others},
  Journal                  = {Eur. Phys. J.},
  Year                     = {2012},
  Pages                    = {2168},
  Volume                   = {C72},

  Archiveprefix            = {arXiv},
  Collaboration            = {LHCb collaboration},
  Doi                      = {10.1140/epjc/s10052-012-2168-x},
  Eprint                   = {1206.5160},
  Primaryclass             = {hep-ex},
  Reportnumber             = {LHCB-PAPER-2011-037, CERN-PH-EP-2012-171},
  Slaccitation             = {%%CITATION = ARXIV:1206.5160;%%}
}

@Article{LHCb-PAPER-2011-038,
  Title                    = {{Searches for Majorana neutrinos in $\Bm$ decays}},
  Author                   = {Aaij, R. and others},
  Journal                  = {Phys. Rev.},
  Year                     = {2012},
  Pages                    = {112004},
  Volume                   = {D85},

  Archiveprefix            = {arXiv},
  Collaboration            = {LHCb collaboration},
  Doi                      = {10.1103/PhysRevD.85.112004},
  Eprint                   = {1201.5600},
  Primaryclass             = {hep-ex},
  Reportnumber             = {CERN-PH-EP-2012-006, LHCb-PAPER-2011-038},
  Slaccitation             = {%%CITATION = ARXIV:1201.5600;%%}
}

@Article{LHCb-PAPER-2011-040,
  Title                    = {{First observation of the decays $\Bdb \to \Dp \Km \pip \pim$ and $\Bm \to \Dz \Km \pip \pim$}},
  Author                   = {Aaij, R. and others},
  Journal                  = {Phys. Rev. Lett.},
  Year                     = {2012},
  Pages                    = {161801},
  Volume                   = {108},

  Archiveprefix            = {arXiv},
  Collaboration            = {LHCb collaboration},
  Doi                      = {10.1103/PhysRevLett.108.161801},
  Eprint                   = {1201.4402},
  Primaryclass             = {hep-ex},
  Reportnumber             = {LHCb-PAPER-2011-040, CERN-EP-PH-2011-229},
  Slaccitation             = {%%CITATION = ARXIV:1201.4402;%%}
}

@Article{LHCb-PAPER-2011-041,
  Title                    = {{Measurement of the $B^0_s \to J/\psi K^0_{\rm S}$ branching fraction}},
  Author                   = {Aaij, R. and others},
  Journal                  = {Phys. Lett.},
  Year                     = {2012},
  Pages                    = {172-179},
  Volume                   = {B713},

  Archiveprefix            = {arXiv},
  Collaboration            = {LHCb collaboration},
  Doi                      = {10.1016/j.physletb.2012.05.062},
  Eprint                   = {1205.0934},
  Primaryclass             = {hep-ex},
  Reportnumber             = {CERN-PH-EP-2012-115, LHCb-PAPER-2011-041},
  Slaccitation             = {%%CITATION = ARXIV:1205.0934;%%}
}

@Article{LHCb-PAPER-2011-042,
  Title                    = {{Measurement of the ratio of branching fractions $\BR(\Bz \to \Kstarz \gamma)/\BR(\Bs \to \phi \gamma)$}},
  Author                   = {Aaij, R. and others},
  Journal                  = {Phys. Rev.},
  Year                     = {2012},
  Pages                    = {112013},
  Volume                   = {D85},

  Archiveprefix            = {arXiv},
  Collaboration            = {LHCb collaboration},
  Doi                      = {10.1103/PhysRevD.85.112013},
  Eprint                   = {1202.6267},
  Primaryclass             = {hep-ex},
  Reportnumber             = {CERN-PH-2012-041, },
  Slaccitation             = {%%CITATION = ARXIV:1202.6267;%%}
}

@Article{LHCb-PAPER-2011-043,
  Title                    = {{Measurement of the $B^\pm$ production cross-section in $pp$ collisions at $\sqrt{s}=7\tev$}},
  Author                   = {Aaij, R. and others},
  Journal                  = {JHEP},
  Year                     = {2012},
  Pages                    = {93},
  Volume                   = {04},

  Archiveprefix            = {arXiv},
  Collaboration            = {LHCb collaboration},
  Doi                      = {10.1007/JHEP04(2012)093},
  Eprint                   = {1202.4812},
  Primaryclass             = {hep-ex},
  Reportnumber             = {LHCb-PAPER-2011-043, CERN-EP-PH-2012-047}
}

@Article{LHCb-PAPER-2011-044,
  Title                    = {{First observation of the decay $\Bc \to \jpsi \pi^+\pi^-\pi^+$}},
  Author                   = {Aaij, R. and others},
  Journal                  = {Phys. Rev. Lett.},
  Year                     = {2012},
  Pages                    = {251802},
  Volume                   = {108},

  Archiveprefix            = {arXiv},
  Collaboration            = {LHCb collaboration},
  Doi                      = {10.1103/PhysRevLett.108.251802},
  Eprint                   = {1204.0079},
  Primaryclass             = {hep-ex},
  Reportnumber             = {LHCb-PAPER-2011-044, CERN-PH-EP-2012-090},
  Slaccitation             = {%%CITATION = ARXIV:1204.0079;%%}
}

@Article{LHCb-PAPER-2011-045,
  Title                    = {{Measurement of $\psi(2S)$ meson production in $pp$ collisions at $\sqrt{s}=7\tev$}},
  Author                   = {Aaij, R and others},
  Journal                  = {Eur. Phys. J.},
  Year                     = {2012},
  Pages                    = {2100},
  Volume                   = {C72},

  Archiveprefix            = {arXiv},
  Collaboration            = {LHCb collaboration},
  Doi                      = {10.1140/epjc/s10052-012-2100-4},
  Eprint                   = {1204.1258},
  Primaryclass             = {hep-ex},
  Reportnumber             = {LHCb-PAPER-2011-045, CERN-PH-EP-2012-094},
  Slaccitation             = {%%CITATION = ARXIV:1204.1258;%%}
}

@Article{LHCb-PAPER-2012-001,
  Title                    = {{Observation of \CP violation in $\Bpm \to D\Kpm$ decays}},
  Author                   = {Aaij, R. and others},
  Journal                  = {Phys. Lett.},
  Year                     = {2012},
  Pages                    = {203},
  Volume                   = {B712},

  Archiveprefix            = {arXiv},
  Collaboration            = {LHCb collaboration},
  Doi                      = {10.1016/j.physletb.2012.04.060},
  Eprint                   = {1203.3662},
  Primaryclass             = {hep-ex},
  Reportnumber             = {LHCb-PAPER-2012-001, CERN-PH-EP-2012-071},
  Slaccitation             = {%%CITATION = ARXIV:1203.3662;%%}
}

@Article{LHCb-PAPER-2012-002,
  Title                    = {{Measurement of $b$-hadron branching fractions for two-body decays into charmless charged hadrons}},
  Author                   = {Aaij, R and others},
  Journal                  = {JHEP},
  Year                     = {2012},
  Pages                    = {37},
  Volume                   = {10},

  Archiveprefix            = {arXiv},
  Collaboration            = {LHCb collaboration},
  Doi                      = {10.1007/JHEP10(2012)037},
  Eprint                   = {1206.2794},
  Primaryclass             = {hep-ex},
  Reportnumber             = {LHCB-PAPER-2012-002, CERN-PH-EP-2012-161},
  Slaccitation             = {%%CITATION = ARXIV:1206.2794;%%}
}

@Article{LHCb-PAPER-2012-003,
  Title                    = {{Observation of double charm production involving open charm in $pp$ collisions at $\sqrt{s}= 7\tev$}},
  Author                   = {Aaij, R. and others},
  Journal                  = {JHEP},
  Year                     = {2012},
  Pages                    = {141},
  Volume                   = {06},

  Archiveprefix            = {arXiv},
  Collaboration            = {LHCb collaboration},
  Doi                      = {10.1007/JHEP06(2012)141},
  Eprint                   = {1205.0975},
  Primaryclass             = {hep-ex},
  Reportnumber             = {CERN-PH-2012-109, LHCb-PAPER-2012-003},
  Slaccitation             = {%%CITATION = ARXIV:1205.0975;%%}
}

@Article{LHCb-PAPER-2012-004,
  Title                    = {{Measurement of the polarization amplitudes and triple product asymmetries in the $\Bs \to \phi \phi$ decay}},
  Author                   = {Aaij, R and others},
  Journal                  = {Phys. Lett.},
  Year                     = {2012},
  Pages                    = {369-377},
  Volume                   = {B713},

  Archiveprefix            = {arXiv},
  Collaboration            = {LHCb collaboration},
  Doi                      = {10.1016/j.physletb.2012.06.012},
  Eprint                   = {1204.2813},
  Primaryclass             = {hep-ex},
  Reportnumber             = {CERN-PH-EP-2012-092, LHCb-PAPER-2012-004},
  Slaccitation             = {%%CITATION = ARXIV:1204.2813;%%}
}

@Article{LHCb-PAPER-2012-005,
  Title                    = {{Analysis of the resonant components in $\overline{B}^0_s \to J/\psi \pi^+\pi^-$}},
  Author                   = {Aaij, R. and others},
  Journal                  = {Phys. Rev.},
  Year                     = {2012},
  Pages                    = {052006},
  Volume                   = {D86},

  Archiveprefix            = {arXiv},
  Collaboration            = {LHCb collaboration},
  Doi                      = {10.1103/PhysRevD.86.052006},
  Eprint                   = {1204.5643},
  Primaryclass             = {hep-ex},
  Reportnumber             = {CERN-PH-EP-2012-111, LHCb-PAPER-2012-005},
  Slaccitation             = {%%CITATION = ARXIV:1204.5643;%%}
}

@Article{LHCb-PAPER-2012-006,
  Title                    = {{Measurement of the \CP-violating phase $\phi_s$ in $\Bsb \to J/\psi \pi^+\pi^-$ decays}},
  Author                   = {Aaij, R. and others},
  Journal                  = {Phys. Lett.},
  Year                     = {2012},
  Pages                    = {378-386},
  Volume                   = {B713},

  Archiveprefix            = {arXiv},
  Collaboration            = {LHCb collaboration},
  Doi                      = {10.1016/j.physletb.2012.06.032},
  Eprint                   = {1204.5675},
  Primaryclass             = {hep-ex},
  Reportnumber             = {CERN-PH-EP-2012-107, LHCb-PAPER-2012-006},
  Slaccitation             = {%%CITATION = ARXIV:1204.5675;%%}
}

@Article{LHCb-PAPER-2012-007,
  Title                    = {{Strong constraints on the rare decays $\Bs \to \mu^+ \mu^-$ and $B^0 \to \mu^+ \mu^-$}},
  Author                   = {Aaij, R. and others},
  Journal                  = {Phys. Rev. Lett.},
  Year                     = {2012},
  Pages                    = {231801},
  Volume                   = {108},

  Archiveprefix            = {arXiv},
  Collaboration            = {LHCb collaboration},
  Doi                      = {10.1103/PhysRevLett.108.231801},
  Eprint                   = {1203.4493},
  Primaryclass             = {hep-ex},
  Reportnumber             = {CERN-PH-EP-2012-072, LHCb-PAPER-2012-007},
  Slaccitation             = {%%CITATION = ARXIV:1203.4493;%%}
}

@Article{LHCb-PAPER-2012-008,
  Title                    = {{Inclusive $W$ and $Z$ production in the forward region at $\sqrt{s} = 7\tev$}},
  Author                   = {Aaij, R and others},
  Journal                  = {JHEP},
  Year                     = {2012},
  Pages                    = {58},
  Volume                   = {06},

  Archiveprefix            = {arXiv},
  Collaboration            = {LHCb collaboration},
  Doi                      = {10.1007/JHEP06(2012)058},
  Eprint                   = {1204.1620},
  Primaryclass             = {hep-ex},
  Reportnumber             = {CERN-PH-2012-099, LHCb-PAPER-2012-008},
  Slaccitation             = {%%CITATION = ARXIV:1204.1620;%%}
}

@Article{LHCb-PAPER-2012-009,
  Title                    = {{Measurement of the $D_s^+$--$D_s^-$ production asymmetry in $7\tev$ $pp$ collisions}},
  Author                   = {Aaij, R. and others},
  Journal                  = {Phys. Lett.},
  Year                     = {2012},
  Pages                    = {186-195},
  Volume                   = {B713},

  Archiveprefix            = {arXiv},
  Collaboration            = {LHCb collaboration},
  Doi                      = {10.1016/j.physletb.2012.06.001},
  Eprint                   = {1205.0897},
  Primaryclass             = {hep-ex},
  Reportnumber             = {CERN-PH-EP-2012-114, LHCb-PAPER-2012-009},
  Slaccitation             = {%%CITATION = ARXIV:1205.0897;%%}
}

@Article{LHCb-PAPER-2012-010,
  Title                    = {{Measurement of relative branching fractions of $B$ decays to $\psi(2S)$ and $J/\psi$ mesons}},
  Author                   = {Aaij, R. and others},
  Journal                  = {Eur. Phys. J.},
  Year                     = {2012},
  Pages                    = {2118},
  Volume                   = {C72},

  Archiveprefix            = {arXiv},
  Collaboration            = {LHCb collaboration},
  Doi                      = {10.1140/epjc/s10052-012-2118-7},
  Eprint                   = {1205.0918},
  Primaryclass             = {hep-ex},
  Reportnumber             = {CERN-PH-2012-113, LHCb-PAPER-2012-010},
  Slaccitation             = {%%CITATION = ARXIV:1205.0918;%%}
}

@Article{LHCb-PAPER-2012-011,
  Title                    = {{Measurement of the isospin asymmetry in $B \to K^{(*)}\mu^ + \mu^-$ decays}},
  Author                   = {Aaij, R. and others},
  Journal                  = {JHEP},
  Year                     = {2012},
  Pages                    = {133},
  Volume                   = {07},

  Archiveprefix            = {arXiv},
  Collaboration            = {LHCb collaboration},
  Doi                      = {10.1007/JHEP07(2012)133},
  Eprint                   = {1205.3422},
  Primaryclass             = {hep-ex},
  Reportnumber             = {CERN-PH-EP-2012-129, LHCb-PAPER-2012-011},
  Slaccitation             = {%%CITATION = ARXIV:1205.3422;%%}
}

@Article{LHCb-PAPER-2012-012,
  Title                    = {{Observation of excited \Lb baryons}},
  Author                   = {Aaij, R. and others},
  Journal                  = {Phys. Rev. Lett.},
  Year                     = {2012},
  Pages                    = {172003},
  Volume                   = {109},

  Archiveprefix            = {arXiv},
  Collaboration            = {LHCb collaboration},
  Doi                      = {10.1103/PhysRevLett.109.172003},
  Eprint                   = {1205.3452},
  Primaryclass             = {hep-ex},
  Reportnumber             = {LHCb-PAPER-2012-12, CERN-PH-EP-2012-128},
  Slaccitation             = {%%CITATION = ARXIV:1205.3452;%%}
}

@Article{LHCb-PAPER-2012-013,
  Title                    = {{Measurement of the effective $B_s^0 \to K^+ K^-$ lifetime}},
  Author                   = {Aaij, R. and others},
  Journal                  = {Phys. Lett.},
  Year                     = {2012},
  Pages                    = {393-400},
  Volume                   = {B716},

  Archiveprefix            = {arXiv},
  Collaboration            = {LHCb collaboration},
  Doi                      = {10.1016/j.physletb.2012.08.033},
  Eprint                   = {1207.5993},
  Primaryclass             = {hep-ex},
  Slaccitation             = {%%CITATION = ARXIV:1207.5993;%%}
}

@Article{LHCb-PAPER-2012-014,
  Title                    = {{Measurement of the $B_s \to J/\psi \overline{K}^{*0}$ branching fraction and angular amplitudes}},
  Author                   = {Aaij, R. and others},
  Journal                  = {Phys. Rev.},
  Year                     = {2012},
  Pages                    = {071102(R)},
  Volume                   = {D86},

  Archiveprefix            = {arXiv},
  Collaboration            = {LHCb collaboration},
  Doi                      = {10.1103/PhysRevD.86.071102},
  Eprint                   = {1208.0738},
  Primaryclass             = {hep-ex},
  Reportnumber             = {CERN-PH-EP-2012-214, LHCB-PAPER-2012-014},
  Slaccitation             = {%%CITATION = ARXIV:1208.0738;%%}
}

@Article{LHCb-PAPER-2012-015,
  Title                    = {{Measurement of the fraction of $\Upsilon(1S)$ originating from $\chi_b(1P)$ decays in $pp$ collisions at $\sqrt{s} = 7\tev$}},
  Author                   = {Aaij, R. and others},
  Journal                  = {JHEP},
  Year                     = {2012},
  Pages                    = {31},
  Volume                   = {11},

  Archiveprefix            = {arXiv},
  Collaboration            = {LHCb collaboration},
  Doi                      = {10.1007/JHEP11(2012)031},
  Eprint                   = {1209.0282},
  Primaryclass             = {hep-ex},
  Reportnumber             = {CERN-PH-EP-2012-237, LHCB-PAPER-2012-015},
  Slaccitation             = {%%CITATION = ARXIV:1209.0282;%%}
}

@Article{LHCb-PAPER-2012-016,
  Title                    = {{Study of $D_{sJ}$ decays to $D^+K^0_{\rm S}$ and $D^0K^+$ final states in $pp$ collisions}},
  Author                   = {Aaij, R. and others},
  Journal                  = {JHEP},
  Year                     = {2012},
  Pages                    = {151},
  Volume                   = {10},

  Archiveprefix            = {arXiv},
  Collaboration            = {LHCb collaboration},
  Doi                      = {10.1007/JHEP10(2012)151},
  Eprint                   = {1207.6016},
  Primaryclass             = {hep-ex},
  Slaccitation             = {%%CITATION = ARXIV:1207.6016;%%}
}

@Article{LHCb-PAPER-2012-017,
  Title                    = {{Measurement of the $\overline{B}^0_s$ effective lifetime in the $J/\psi f_0(980)$ final state}},
  Author                   = {Aaij, R. and others},
  Journal                  = {Phys. Rev. Lett.},
  Year                     = {2012},
  Pages                    = {152002},
  Volume                   = {109},

  Archiveprefix            = {arXiv},
  Collaboration            = {LHCb collaboration},
  Doi                      = {10.1103/PhysRevLett.109.152002},
  Eprint                   = {1207.0878},
  Primaryclass             = {hep-ex},
  Slaccitation             = {%%CITATION = ARXIV:1207.0878;%%}
}

@Article{LHCb-PAPER-2012-018,
  Title                    = {{Observation of $B^0 \to \overline{D}^0 K^+ K^-$ and evidence for $B^0_s \to \overline{D}^0 K^+ K^-$}},
  Author                   = {Aaij, R. and others},
  Journal                  = {Phys. Rev. Lett.},
  Year                     = {2012},
  Pages                    = {131801},
  Volume                   = {109},

  Archiveprefix            = {arXiv},
  Collaboration            = {LHCb collaboration},
  Doi                      = {10.1103/PhysRevLett.109.131801},
  Eprint                   = {1207.5991},
  Primaryclass             = {hep-ex},
  Slaccitation             = {%%CITATION = ARXIV:1207.5991;%%}
}

@Article{LHCb-PAPER-2012-020,
  Title                    = {{First observation of the decay $B^+ \to \pi^+ \mu^+\mu^-$}},
  Author                   = {Aaij, R. and others},
  Journal                  = {JHEP},
  Year                     = {2012},
  Pages                    = {125},
  Volume                   = {12},

  Archiveprefix            = {arXiv},
  Collaboration            = {LHCb collaboration},
  Doi                      = {10.1007/JHEP12(2012)125},
  Eprint                   = {1210.2645},
  Primaryclass             = {hep-ex},
  Reportnumber             = {LHCB-PAPER-2012-020, CERN-PH-EP-2012-284},
  Slaccitation             = {%%CITATION = ARXIV:1210.2645;%%}
}

@Article{LHCb-PAPER-2012-027,
  Title                    = {{A model-independent Dalitz plot analysis of $B^\pm \to D K^\pm$ with $D \to K^0_{\rm S} h^+h^-$ ($h=\pi, K$) decays and constraints on the CKM angle $\gamma$}},
  Author                   = {Aaij, R. and others},
  Journal                  = {Phys. Lett.},
  Year                     = {2012},
  Pages                    = {43-55},
  Volume                   = {B718},

  Archiveprefix            = {arXiv},
  Collaboration            = {LHCb collaboration},
  Doi                      = {10.1016/j.physletb.2012.10.020},
  Eprint                   = {1209.5869},
  Primaryclass             = {hep-ex},
  Reportnumber             = {CERN-PH-EP-2012-268, LHCB-PAPER-2012-027},
  Slaccitation             = {%%CITATION = ARXIV:1209.5869;%%}
}

@Article{LHCb-PAPER-2012-028,
  Title                    = {{Measurements of $B_c^+$ production and mass with the $B_c^+ \to J/\psi \pi^+$ decay}},
  Author                   = {Aaij, R. and others},
  Journal                  = {Phys. Rev. Lett.},
  Year                     = {2012},
  Pages                    = {232001},
  Volume                   = {109},

  Archiveprefix            = {arXiv},
  Collaboration            = {LHCb collaboration},
  Doi                      = {10.1103/PhysRevLett.109.232001},
  Eprint                   = {1209.5634},
  Primaryclass             = {hep-ex},
  Reportnumber             = {LHCB-PAPER-2012-028, CERN-PH-EP-2012-275},
  Slaccitation             = {%%CITATION = ARXIV:1209.5634;%%}
}

@Article{LHCb-PAPER-2012-033,
  Title                    = {{First observation of the decays $\overline{B}^0_{(s)} \to D_s^+ K^- \pi^+\pi^-$ and $\overline{B}^0_s \to D_{s1}(2536)^+\pi^-$}},
  Author                   = {Aaij, R. and others},
  Journal                  = {Phys. Rev.},
  Year                     = {2012},
  Pages                    = {112005},
  Volume                   = {D86},

  Archiveprefix            = {arXiv},
  Collaboration            = {LHCb collaboration},
  Doi                      = {10.1103/PhysRevD.86.112005},
  Eprint                   = {1211.1541},
  Primaryclass             = {hep-ex},
  Reportnumber             = {LHCB-PAPER-2012-033, CERN-PH-EP-2012-327},
  Slaccitation             = {%%CITATION = ARXIV:1211.1541;%%}
}

@Article{LHCb-PAPER-2011-001,
  Title                    = {{First observation of $\Bsb \to D_{s2}^{*+} X \mun\neub$ decays}},
  Author                   = {Aaij, R. and others},
  Journal                  = {Phys. Lett.},
  Year                     = {2011},
  Pages                    = {14},
  Volume                   = {B698},

  Archiveprefix            = {arXiv},
  Collaboration            = {LHCb collaboration},
  Doi                      = {10.1016/j.physletb.2011.02.039},
  Eprint                   = {1102.0348},
  Primaryclass             = {hep-ex},
  Reportnumber             = {CERN-PH-EP-2011-008, LHCb-PAPER-2011-001},
  Slaccitation             = {%%CITATION = ARXIV:1102.0348;%%}
}

@Article{LHCb-PAPER-2011-002,
  Title                    = {{First observation of $\Bs \to \jpsi f_0(980)$ decays}},
  Author                   = {Aaij, R. and others},
  Journal                  = {Phys. Lett.},
  Year                     = {2011},
  Pages                    = {115},
  Volume                   = {B698},

  Archiveprefix            = {arXiv},
  Collaboration            = {LHCb collaboration},
  Doi                      = {10.1016/j.physletb.2011.03.006},
  Eprint                   = {1102.0206},
  Primaryclass             = {hep-ex},
  Reportnumber             = {CERN-PH-EP-2011-011, LHCb-PAPER-2011-002},
  Slaccitation             = {%%CITATION = ARXIV:1102.0206;%%}
}

@Article{LHCb-PAPER-2011-003,
  Title                    = {{Measurement of $J/\psi$ production in $pp$ collisions at $\sqrt{s}=7\tev$}},
  Author                   = {Aaij, R. and others},
  Journal                  = {Eur. Phys. J.},
  Year                     = {2011},
  Pages                    = {1645},
  Volume                   = {C71},

  Archiveprefix            = {arXiv},
  Collaboration            = {LHCb collaboration},
  Doi                      = {10.1140/epjc/s10052-011-1645-y},
  Eprint                   = {1103.0423},
  Primaryclass             = {hep-ex},
  Reportnumber             = {CERN-PH-EP-2011-018, LHCb-PAPER-2011-003},
  Slaccitation             = {%%CITATION = ARXIV:1103.0423;%%}
}

@Article{LHCb-PAPER-2011-004,
  Title                    = {{Search for the rare decays $\Bs \to \mu^+\mu^-$ and $\Bz \to \mu^+\mu^-$}},
  Author                   = {Aaij, R. and others},
  Journal                  = {Phys. Lett.},
  Year                     = {2011},
  Pages                    = {330},
  Volume                   = {B699},

  Archiveprefix            = {arXiv},
  Collaboration            = {LHCb collaboration},
  Doi                      = {10.1016/j.physletb.2011.04.031},
  Eprint                   = {1103.2465},
  Primaryclass             = {hep-ex},
  Reportnumber             = {CERN-PH-EP-2011-029, LHCb-PAPER-2011-004},
  Slaccitation             = {%%CITATION = ARXIV:1103.2465;%%}
}

@Article{LHCb-PAPER-2011-005,
  Title                    = {{Measurement of $V^0$ production ratios in $pp$ collisions at $\sqrt{s} = 0.9$ and $7\tev$}},
  Author                   = {Aaij, R. and others},
  Journal                  = {JHEP},
  Year                     = {2011},
  Pages                    = {34},
  Volume                   = {08},

  Archiveprefix            = {arXiv},
  Collaboration            = {LHCb collaboration},
  Doi                      = {10.1007/JHEP08(2011)034},
  Eprint                   = {1107.0882},
  Primaryclass             = {hep-ex},
  Reportnumber             = {CERN-PH-EP-2011-082, LHCb-PAPER-2011-005},
  Slaccitation             = {%%CITATION = ARXIV:1107.0882;%%}
}

@Article{LHCb-PAPER-2011-006,
  Title                    = {{Determination of $f_s/f_d$ for $7\tev$ $pp$ collisions and measurement of the $\Bd\to D^-K^+$ branching fraction}},
  Author                   = {Aaij, R. and others},
  Journal                  = {Phys. Rev. Lett.},
  Year                     = {2011},
  Pages                    = {211801},
  Volume                   = {107},

  Archiveprefix            = {arXiv},
  Collaboration            = {LHCb collaboration},
  Doi                      = {10.1103/PhysRevLett.107.211801},
  Eprint                   = {1106.4435},
  Primaryclass             = {hep-ex},
  Reportnumber             = {CERN-PH-EP-2011-075, LHCb-PAPER-2011-006},
  Slaccitation             = {%%CITATION = ARXIV:1106.4435;%%}
}

@Article{LHCb-PAPER-2011-007,
  Title                    = {{Measurement of the inclusive $\phi$ cross-section in $pp$ collisions at $\sqrt{s} = 7\tev$}},
  Author                   = {Aaij, R. and others},
  Journal                  = {Phys. Lett.},
  Year                     = {2011},
  Pages                    = {267},
  Volume                   = {B703},

  Archiveprefix            = {arXiv},
  Collaboration            = {LHCb collaboration},
  Doi                      = {10.1016/j.physletb.2011.08.017},
  Eprint                   = {1107.3935},
  Primaryclass             = {hep-ex},
  Reportnumber             = {LHCb-PAPER-2011-007, CERN-PH-EP-2011-106},
  Slaccitation             = {%%CITATION = ARXIV:1107.3935;%%}
}

@Article{LHCb-PAPER-2011-008,
  Title                    = {{First observation of the decay $\overline{B}^0_s \to D^0 K^{*0}$ and a measurement of the ratio of branching fractions $\frac{{\cal B}(\overline{B}^0_s \to D^0 K^{*0})}{{\cal B}(\overline{B}^0 \to D^0 \rho^0)}$}},
  Author                   = {Aaij, R. and others},
  Journal                  = {Phys. Lett.},
  Year                     = {2011},
  Pages                    = {32},
  Volume                   = {B706},

  Archiveprefix            = {arXiv},
  Collaboration            = {LHCb collaboration},
  Doi                      = {10.1016/j.physletb.2011.10.073},
  Eprint                   = {1110.3676},
  Primaryclass             = {hep-ex},
  Reportnumber             = {LHCb-PAPER-2011-008, CERN-PH-EP-2011-150},
  Slaccitation             = {%%CITATION = ARXIV:1110.3676;%%}
}

@Article{LHCb-PAPER-2011-016,
  Title                    = {{Measurements of the branching fractions for $B_{(s)} \to D_{(s)}\pi\pi\pi$ and $\Lambda_b^0 \to \Lambda_c^+\pi\pi\pi$}},
  Author                   = {Aaij, R. and others},
  Journal                  = {Phys. Rev.},
  Year                     = {2011},
  Pages                    = {092001 Erratum ibid. {\bf D85} (2012) 039904},
  Volume                   = {D84},

  Archiveprefix            = {arXiv},
  Collaboration            = {LHCb collaboration},
  Doi                      = {10.1103/PhysRevD.84.092001},
  Eprint                   = {1109.6831},
  Primaryclass             = {hep-ex},
  Reportnumber             = {LHCb-PAPER-2011-016, CERN-PH-EP-2011-151},
  Slaccitation             = {%%CITATION = ARXIV:1109.6831;%%}
}

@Article{LHCb-PAPER-2011-017,
  Title                    = {{Search for \CP violation in $D^{+} \to K^{-}K^{+}\pi^{+}$ decays}},
  Author                   = {Aaij, R. and others},
  Journal                  = {Phys. Rev.},
  Year                     = {2011},
  Pages                    = {112008},
  Volume                   = {D84},

  Archiveprefix            = {arXiv},
  Collaboration            = {LHCb collaboration},
  Doi                      = {10.1103/PhysRevD.84.112008},
  Eprint                   = {1110.3970},
  Primaryclass             = {hep-ex},
  Reportnumber             = {LHCb-PAPER-2011-017, CERN-PH-EP-2011-163},
  Slaccitation             = {%%CITATION = ARXIV:1110.3970;%%}
}

@Article{LHCb-PAPER-2011-034,
  Title                    = {{Observation of $X(3872)$ production in $pp$ collisions at $\sqrt{s}= 7\tev$}},
  Author                   = {Aaij, R. and others},
  Journal                  = {Eur. Phys. J.},
  Year                     = {2011},
  Pages                    = {1972},
  Volume                   = {C72},

  Archiveprefix            = {arXiv},
  Collaboration            = {LHCb collaboration},
  Doi                      = {10.1140/epjc/s10052-012-1972-7},
  Eprint                   = {1112.5310},
  Primaryclass             = {hep-ex},
  Reportnumber             = {LHCb-PAPER-2011-034, CERN-PH-EP-2011-216},
  Slaccitation             = {%%CITATION = ARXIV:1112.5310;%%}
}

@Article{LHCb-PAPER-2010-001,
  Title                    = {{Prompt $\KS$ production in $pp$ collisions at $\sqrt{s}=0.9\tev$}},
  Author                   = {Aaij, R and others},
  Journal                  = {Phys. Lett.},
  Year                     = {2010},
  Pages                    = {69},
  Volume                   = {B693},

  Archiveprefix            = {arXiv},
  Collaboration            = {LHCb collaboration},
  Doi                      = {10.1016/j.physletb.2010.08.055},
  Eprint                   = {1008.3105},
  Primaryclass             = {hep-ex},
  Reportnumber             = {CERN-PH-EP-2010-027},
  Slaccitation             = {%%CITATION = ARXIV:1008.3105;%%}
}

@Article{LHCb-PAPER-2010-002,
  Title                    = {{Measurement of $\sigma(pp \to \bbbar X)$ at $\sqrt{s}=7\tev$ in the forward region}},
  Author                   = {Aaij, R. and others},
  Journal                  = {Phys. Lett.},
  Year                     = {2010},
  Pages                    = {209},
  Volume                   = {B694},

  Archiveprefix            = {arXiv},
  Collaboration            = {LHCb collaboration},
  Doi                      = {10.1016/j.physletb.2010.10.010},
  Eprint                   = {1009.2731},
  Primaryclass             = {hep-ex},
  Reportnumber             = {CERN-PH-EP-2010-029, LHCb-PAPER-2010-002},
  Slaccitation             = {%%CITATION = ARXIV:1009.2731;%%}
}

@Article{LHCb-PAPER-2012-031,
  Title                    = {{Implications of LHCb measurements and future prospects}},
  Author                   = {{R. Aaij, \emph{et al.}, and A. Bharucha} and others},
  Journal                  = {Eur. Phys. J.},
  Year                     = {2013},
  Pages                    = {2373},
  Volume                   = {C73},

  Archiveprefix            = {arXiv},
  Collaboration            = {LHCb collaboration},
  Doi                      = {10.1140/epjc/s10052-013-2373-2},
  Eprint                   = {1208.3355},
  Primaryclass             = {hep-ex},
  Reportnumber             = {LHCB-PUB-2012-006, LHCB-PAPER-2012-031, CERN-PH-EP-2012-334},
  Slaccitation             = {%%CITATION = ARXIV:1208.3355;%%}
}

