%%% LHCb detector performance papers

@article{LHCb-DP-2013-004,
      author         = "Aaij, R. and others",
      title          = "{Performance of the LHCb calorimeters}",
      year           = "2014",
      report         = "{LHCb-DP-2013-004}",
      note           = "{in preparation}",
}

@article{LHCb-DP-2013-003,
      author         = "Arink, R. and others",
      title          = "{Performance of the LHCb Outer Tracker}",
      journal        = "JINST",
      volume         = "9",
      pages          = "P01002",
      doi            = "10.1088/1748-0221/9/01/P01002",
      year           = "2014",
      eprint         = "1311.3893",
      archivePrefix  = "arXiv",
      primaryClass   = "physics.ins-det",
      reportNumber   = "LHCB-DP-2013-003",
      SLACcitation   = "%%CITATION = ARXIV:1311.3893;%%",
}

@article{LHCb-DP-2013-002,
      author         = "Aaij, R. and others",
      title          = "{Measurement of the track reconstruction efficiency at LHCb}",
      year           = "2014",
      report         = "{LHCb-DP-2013-002}",
      note           = "{in preparation}",
}

@article{LHCb-DP-2013-001,
      author         = "Archilli, F. and others",	
      title          = "{Performance of the muon identification at LHCb}",
      journal        = "JINST",
      volume         = "8",
      pages          = "P10020",
      doi            = "10.1088/1748-0221/8/10/P10020",
      year           = "2013",
      eprint         = "1306.0249",
      archivePrefix  = "arXiv",
      primaryClass   = "physics.ins-det",
      reportNumber   = "LHCb-DP-2013-001",
      SLACcitation   = "%%CITATION = ARXIV:1306.0249;%%",
}

@article{LHCb-DP-2012-005,
      author         = "Affolder, A. and others",	
      title          = "{Radiation damage in the LHCb vertex locator}",
      journal        = "JINST",
      volume         = "8",
      pages          = "P08002",
      doi            = "10.1088/1748-0221/8/08/P08002",
      year           = "2013",
      eprint         = "1302.5259",
      archivePrefix  = "arXiv",
      primaryClass   = "physics.ins-det",
      reportNumber   = "LHCb-DP-2012-005",
      SLACcitation   = "%%CITATION = ARXIV:1211.3055;%%",
}

@article{LHCb-DP-2012-004,
      author         = "Aaij, R. and others",
      title          = "{The \lhcb trigger and its performance in 2011}",
      journal        = "JINST",
      volume         = "8",
      pages          = "P04022",
      doi            = "10.1088/1748-0221/8/04/P04022",
      year           = "2013",
      eprint         = "1211.3055",
      archivePrefix  = "arXiv",
      primaryClass   = "hep-ex",
      reportNumber   = "LHCb-DP-2012-004",
      SLACcitation   = "%%CITATION = ARXIV:1211.3055;%%",
}

@article{LHCb-DP-2012-003,
      author         = "Adinolfi, M. and others",
      title          = "{Performance of the \lhcb RICH detector at the LHC}",
      journal        = "Eur. Phys. J.",
      volume         = "C73",
      pages          = "2431",
      doi            = "10.1140/epjc/s10052-013-2431-9",
      year           = "2013",
      eprint         = "1211.6759",
      archivePrefix  = "arXiv",
      primaryClass   = "physics.ins-det",
      reportNumber   = "LHCb-DP-2012-003",
      SLACcitation   = "%%CITATION = ARXIV:1211.6759;%%",
}

@article{LHCb-DP-2012-002,
      author       = "Alves Jr., A A and others",
      title        = "{Performance of the LHCb muon system}",
      journal      = "JINST",
      volume       = "8",
      pages        = "P02022",
      doi          = "10.1088/1748-0221/8/02/P02022",
      year         = "2013",
      eprint       = "1211.1346",
      archivePrefix= "arXiv",
      primaryClass = "physics.ins-det",
      reportNumber = "LHCb-DP-2012-002",
}

@article{LHCb-DP-2012-001,
      author       = "van Eijk, D and others",
      title        = "{Radiation hardness of the LHCb Outer Tracker}",
      journal      = "Nucl. Instrum. Meth.",
      volume       = "A685",
      pages        = "62-69",
      year         = "2012",
      doi          = "10.1016/j.nima.2012.05.033",
      reportNumber = "LHCb-DP-2012-001",
}

% make this one an LHCb report (only available on CDS?)
@article{LHCb-DP-2011-002,
      author       = "Appleby, R B and others",
      title        = "{Simulation of machine induced background in the LHCb experiment: methodology and implementation}",
      journal      = "IEEE Trans. Nucl. Sci.",
      volume       = "59",
      pages        = "1681",
      year         = "2012",
      doi          = "10.1109/TNS.2012.2202402",
      reportNumber = "LHCb-DP-2011-002",
}

@article{LHCb-DP-2011-001,
      author       = "Anelli, M and others",
      title        = "{Performance of the LHCb muon system with cosmic rays}",
      journal      = "JINST",
      volume       = "5",
      pages        = "P10003",
      doi          = "10.1088/1748-0221/5/10/P10003",
      year         = "2010",
      eprint         = "1009.1963",
      archivePrefix  = "arXiv",
      primaryClass   = "physics.ins-det",
      reportNumber   = "LHCb-DP-2011-001",
}

@article{LHCb-DP-2010-001,
      author         = "Borghi, S. and others",
      title          = "{First spatial alignment of the LHCb VELO and analysis of beam absorber collision data}",
      journal        = "Nucl. Instrum. Meth.",
      volume         = "A618",
      pages          = "108-120",
      doi            = "10.1016/j.nima.2010.02.109",
      year           = "2010",
      SLACcitation   = "%%CITATION = NUIMA,A618,108;%%",
      reportNumber   = "LHCb-DP-2010-001",
}

