% This file was created with JabRef 2.10b2.
% Encoding: UTF-8


@Lhcbreport{LHCb-CONF-2012-034,
  Title                    = {{First look at the $p$Pb pilot run}},
  Collaboration            = {{LHCb collaboration}},
  Month                    = {{Jan}},
  Number                   = {{LHCb-CONF-2012-034}},
  Year                     = {{2013}}
}

@Lhcbreport{LHCb-CONF-2013-001,
  Title                    = {{Measurement of the forward-central $b\bar{b}$ production asymmetry at LHCb}},
  Collaboration            = {{LHCb collaboration}},
  Month                    = {{Mar}},
  Number                   = {{LHCb-CONF-2013-001}},
  Year                     = {{2013}}
}

@Lhcbreport{LHCb-CONF-2013-002,
  Title                    = {{Measurement of $\sigma(b\bar{b})$ with inclusive final states}},
  Collaboration            = {{LHCb collaboration}},
  Month                    = {{Mar}},
  Number                   = {{LHCb-CONF-2013-002}},
  Year                     = {{2013}}
}

@Lhcbreport{LHCb-CONF-2013-003,
  Title                    = {{A search for time-integrated \CP violation in $D^0 \to K^-K^+$ and $D^0 \to \pi^-\pi^+$ decays}},
  Collaboration            = {{LHCb collaboration}},
  Month                    = {{Mar}},
  Number                   = {{LHCb-CONF-2013-003}},
  Year                     = {{2013}}
}

@Lhcbreport{LHCb-CONF-2013-004,
  Title                    = {{Model-independent measurement of CP violation parameters in $B^\pm \to (K_S^0h^+h^-)_D K^\pm$ decays}},
  Collaboration            = {{LHCb collaboration}},
  Month                    = {{Apr}},
  Number                   = {{LHCb-CONF-2013-004}},
  Year                     = {{2013}}
}

@Lhcbreport{LHCb-CONF-2013-005,
  Title                    = {{Graphical comparison of the LHCb measurements of $W$ and $Z$ boson production with ATLAS and CMS}},
  Collaboration            = {{LHCb collaboration}},
  Month                    = {{Apr}},
  Number                   = {{LHCb-CONF-2013-005}},
  Year                     = {{2013}}
}

@Lhcbreport{LHCb-CONF-2013-006,
  Title                    = {{A measurement of $\gamma$ from a combination of $B^\pm \to DK^\pm$ analyses including first results using $2 \invfb$ of 2012 data}},
  Collaboration            = {{LHCb collaboration}},
  Month                    = {{Apr}},
  Number                   = {{LHCb-CONF-2013-006}},
  Year                     = {{2013}}
}

@Lhcbreport{LHCb-CONF-2013-007,
  Title                    = {{Measurement of the cross section for $Z\rightarrow\mu^{+}\mu^{-}$ production with $1.0 \invfb$ of $pp$ collisions at $\sqrt{s}=7 \tev$}},
  Collaboration            = {{LHCb collaboration}},
  Month                    = {{Apr}},
  Number                   = {{LHCb-CONF-2013-007}},
  Year                     = {{2013}}
}

@Lhcbreport{LHCb-CONF-2013-008,
  Title                    = {{Study of the $J/\psi$ production cross-section in proton-lead collisions at $\sqrt{s_{NN}}=5 \tev$}},
  Collaboration            = {{LHCb collaboration}},
  Month                    = {{May}},
  Number                   = {{LHCb-CONF-2013-008}},
  Year                     = {{2013}}
}

@Lhcbreport{LHCb-CONF-2013-009,
  Title                    = {{\CP and up-down asymmetries in $B^{\pm}\to K^{\pm}\pi^{\mp}\pi^{\pm}\gamma$ decays}},
  Collaboration            = {{LHCb collaboration}},
  Month                    = {{Jul}},
  Number                   = {{LHCb-CONF-2013-009}},
  Year                     = {{2013}}
}

@Lhcbreport{LHCb-CONF-2013-010,
  Title                    = {{Search for the $\Lb \rightarrow \Lz\eta^{\prime}$ decay at LHCb}},
  Collaboration            = {{LHCb collaboration}},
  Month                    = {{Jul}},
  Number                   = {{LHCb-CONF-2013-010}},
  Year                     = {{2013}}
}

@Lhcbreport{LHCb-CONF-2013-011,
  Title                    = {{Updated average $f_{s}/f_{d}$ $b$-hadron production fraction ratio for $7 \tev$ $pp$ collisions}},
  Collaboration            = {{LHCb collaboration}},
  Month                    = {{Jul}},
  Number                   = {{LHCb-CONF-2013-011}},
  Year                     = {{2013}}
}

@Misc{LHCb-CONF-2013-012,
  Title                    = {{Combination of results on the rare decays $\B^0_{(s)} \to \mumu$ from the CMS and LHCb experiments}},
  Month                    = {{Jul}},
  Note                     = {\href{https://cds.cern.ch/record/1564324}{CMS-PAS-BPH-13-007, LHCb-CONF-2013-012}},
  Year                     = {{2013}},

  Collaboration            = {{CMS and LHCb collaborations}},
  Reportnumber             = {CMS-PAS-BPH-13-007, LHCb-CONF-2013-012}
}

@Misc{LHCb-CONF-2013-013,
  Title                    = {{Reference $pp$ cross-sections for $J/\psi$ studies in proton-lead collisions at $\sqrt{s_{NN}} = 5.02$~TeV and comparisons between ALICE and LHCb results}},
  Month                    = {{Dec}},
  Note                     = {\href{https://cds.cern.ch/record/163961}{LHCb-CONF-2013-013, ALICE-PUBLIC-2013-002}},
  Year                     = {{2013}},

  Collaboration            = {{ALICE and LHCb collaborations}},
  Reportnumber             = {LHCb-CONF-2013-013 ; ALICE-PUBLIC-2013-002}
}

@Lhcbreport{LHCb-CONF-2012-001,
  Title                    = {{Measurement of the effective $B^0_s \rightarrow K^+ K^-$ lifetime}},
  Collaboration            = {{LHCb collaboration}},
  Month                    = {{Mar}},
  Number                   = {{LHCb-CONF-2012-001}},
  Year                     = {{2012}}
}

@Lhcbreport{LHCb-CONF-2012-002,
  Title                    = {{Tagged time-dependent angular analysis of $B_s^0 \to J/\psi\phi$ decays at LHCb}},
  Collaboration            = {{LHCb collaboration}},
  Month                    = {{Mar}},
  Number                   = {{LHCb-CONF-2012-002}},
  Year                     = {{2012}}
}

@Lhcbreport{LHCb-CONF-2012-003,
  Title                    = {{Measurement of the ratio of branching fractions for $B ^0_s \rightarrow \phi\mu\mu$ and $B ^0_s \rightarrow J/\psi \phi$}},
  Collaboration            = {{LHCb collaboration}},
  Month                    = {{Mar}},
  Number                   = {{LHCb-CONF-2012-003}},
  Year                     = {{2012}}
}

@Lhcbreport{LHCb-CONF-2012-004,
  Title                    = {{Measurement of the direct $CP$ asymmetry in the $B_d^0\to K^{*0}\gamma$ decay}},
  Collaboration            = {{LHCb collaboration}},
  Month                    = {{Mar}},
  Number                   = {{LHCb-CONF-2012-004}},
  Year                     = {{2012}}
}

@Lhcbreport{LHCb-CONF-2012-005,
  Title                    = {{Search for the $D^0 \to \mu^+ \mu^-$ decay with $0.9 \invfb$ at LHCb}},
  Collaboration            = {{LHCb collaboration}},
  Month                    = {{Feb}},
  Number                   = {{LHCb-CONF-2012-005}},
  Year                     = {{2012}}
}

@Lhcbreport{LHCb-CONF-2012-006,
  Title                    = {{First observation of $B^+ \rightarrow \pi^+\mu^+\mu^-$}},
  Collaboration            = {{LHCb collaboration}},
  Month                    = {{Apr}},
  Number                   = {{LHCb-CONF-2012-006}},
  Year                     = {{2012}}
}

@Lhcbreport{LHCb-CONF-2012-007,
  Title                    = {{Measurement of time-dependent $CP$ violation in charmless two-body $B$ decays}},
  Collaboration            = {{LHCb collaboration}},
  Month                    = {{Feb}},
  Number                   = {{LHCb-CONF-2012-007}},
  Year                     = {{2012}}
}

@Lhcbreport{LHCb-CONF-2012-008,
  Title                    = {{Differential branching fraction and angular analysis of the $B^{0} \to K^{*0} \mu^{+}\mu^{-}$ decay}},
  Collaboration            = {{LHCb collaboration}},
  Month                    = {{Feb}},
  Number                   = {{LHCb-CONF-2012-008}},
  Year                     = {{2012}}
}

@Lhcbreport{LHCb-CONF-2012-009,
  Title                    = {{First observations and branching fraction measurements of $\overline{B}_s^0$ to double-charm final states}},
  Collaboration            = {{LHCb collaboration}},
  Month                    = {{Feb}},
  Number                   = {{LHCb-CONF-2012-009}},
  Year                     = {{2012}}
}

@Lhcbreport{LHCb-CONF-2012-010,
  Title                    = {{Search for the rare decays $B_s^0 \rightarrow \mu^+ \mu^- \mu^+ \mu^-$ and $B_d^0 \rightarrow \mu^+ \mu^- \mu^+ \mu^-$}},
  Collaboration            = {{LHCb collaboration}},
  Month                    = {{Mar}},
  Number                   = {{LHCb-CONF-2012-010}},
  Year                     = {{2012}}
}

@Lhcbreport{LHCb-CONF-2012-011,
  Title                    = {{Measurement of the cross-section for $Z^0\rightarrow e^+e^-$ production in $pp$ collisions at $\sqrt{s} = 7\tev$}},
  Collaboration            = {{LHCb collaboration}},
  Month                    = {{Mar}},
  Number                   = {{LHCb-CONF-2012-011}},
  Year                     = {{2012}}
}

@Lhcbreport{LHCb-CONF-2012-012,
  Title                    = {{Measurement of the forward energy flow in $pp$ collisions at $\sqrt{s} = 7\tev$ with the LHCb experiment}},
  Collaboration            = {{LHCb collaboration}},
  Month                    = {{Mar}},
  Number                   = {{LHCb-CONF-2012-012}},
  Year                     = {{2012}}
}

@Lhcbreport{LHCb-CONF-2012-013,
  Title                    = {{Inclusive low mass Drell-Yan production in the forward region at $\sqrt{s} = 7\tev$}},
  Collaboration            = {{LHCb collaboration}},
  Month                    = {{Mar}},
  Number                   = {{LHCb-CONF-2012-013}},
  Year                     = {{2012}}
}

@Lhcbreport{LHCb-CONF-2012-014,
  Title                    = {{Search for (Higgs-like) bosons decaying into long-lived exotic particles}},
  Collaboration            = {{LHCb collaboration}},
  Month                    = {{Jun}},
  Number                   = {{LHCb-CONF-2012-014}},
  Year                     = {{2012}}
}

@Lhcbreport{LHCb-CONF-2012-015,
  Title                    = {{Search for the lepton flavour violating decay $\tau^- \rightarrow \mu^+ \mu^- \mu^-$ }},
  Collaboration            = {{LHCb collaboration}},
  Month                    = {{May}},
  Number                   = {{LHCb-CONF-2012-015}},
  Year                     = {{2012}}
}

@Lhcbreport{LHCb-CONF-2012-016,
  Title                    = {{Measurement of jet production in $Z^0/\gamma^*\rightarrow\mu^+\mu^-$ events at LHCb in $\sqrt s = 7\tev$ $pp$ collisions}},
  Collaboration            = {{LHCb collaboration}},
  Month                    = {{Jun}},
  Number                   = {{LHCb-CONF-2012-016}},
  Year                     = {{2012}}
}

@Lhcbreport{LHCb-CONF-2012-017,
  Title                    = {{Search for the rare decays $B^0_{(s)}\rightarrow\mu\mu$ at the LHC with the ATLAS, CMS and LHCb experiments}},
  Collaboration            = {{LHCb collaboration}},
  Month                    = {{Jun}},
  Number                   = {{LHCb-CONF-2012-017}},
  Year                     = {{2012}}
}

@Lhcbreport{LHCb-CONF-2012-018,
  Title                    = {{Evidence for CP violation in $B \to K\pi\pi$ and $B \to KKK$ decays}},
  Collaboration            = {{LHCb collaboration}},
  Month                    = {{Jul}},
  Number                   = {{LHCb-CONF-2012-018}},
  Year                     = {{2012}}
}

@Lhcbreport{LHCb-CONF-2012-019,
  Title                    = {{Search for $CP$ violation in $D^{0} \to \pi^{-} \pi^{+} \pi^{+} \pi^{-}$ decays}},
  Collaboration            = {{LHCb collaboration}},
  Month                    = {{Jul}},
  Number                   = {{LHCb-CONF-2012-019}},
  Year                     = {{2012}}
}

@Lhcbreport{LHCb-CONF-2012-020,
  Title                    = {{Observation of $\chi_b(3P)$ state at LHCb in pp collisions at $\sqrt{s}=7\tev$}},
  Collaboration            = {{LHCb collaboration}},
  Month                    = {{Jul}},
  Number                   = {{LHCb-CONF-2012-020}},
  Year                     = {{2012}},
  __markedentry            = {[amazurov:1]},
  Url                      = {http://cds.cern.ch/record/1456078?ln=en}
}

@Lhcbreport{LHCb-CONF-2012-021,
  Title                    = {{First observation of $B^-\to D^0 K^-\pi^+\pi^-$ decays to \CP even final states}},
  Collaboration            = {{LHCb collaboration}},
  Month                    = {{Jul}},
  Number                   = {{LHCb-CONF-2012-021}},
  Year                     = {{2012}}
}

@Lhcbreport{LHCb-CONF-2012-022,
  Title                    = {{Measurement of the flavour-specific \CP violating asymmetry $a_{\rm sl}^s$ in \Bs decays}},
  Collaboration            = {{LHCb collaboration}},
  Month                    = {{Jul}},
  Number                   = {{LHCb-CONF-2012-022}},
  Year                     = {{2012}}
}

@Lhcbreport{LHCb-CONF-2012-023,
  Title                    = {{Branching fraction measurements of $B^0_{d,s}$ decays to $K^0_S h h^{'}$ final states, including first observation of $B^0_s \to K_S K \pi$}},
  Collaboration            = {{LHCb collaboration}},
  Month                    = {{Jul}},
  Number                   = {{LHCb-CONF-2012-023}},
  Year                     = {{2012}}
}

@Lhcbreport{LHCb-CONF-2012-024,
  Title                    = {{Measurement of $CP$ observables in $B^0\to D K^{*0}$ with $D\to K^+K^-$}},
  Collaboration            = {{LHCb collaboration}},
  Month                    = {{Jul}},
  Number                   = {{LHCb-CONF-2012-024}},
  Year                     = {{2012}}
}

@Lhcbreport{LHCb-CONF-2012-025,
  Title                    = {{Production of $J/\psi$ and $\Upsilon(1S)$, $\Upsilon(2S)$ and $\Upsilon(3S)$~mesons at $\sqrt{s}=8\tev$}},
  Collaboration            = {{LHCb collaboration}},
  Month                    = {{Jul}},
  Number                   = {{LHCb-CONF-2012-025}},
  Year                     = {{2012}}
}

@Lhcbreport{LHCb-CONF-2012-026,
  Title                    = {{Performance of flavor tagging algorithms optimised for the analysis of $B_s^0 \to J/\psi \phi$}},
  Collaboration            = {{LHCb collaboration}},
  Month                    = {{Jul}},
  Number                   = {{LHCb-CONF-2012-026}},
  Year                     = {{2012}}
}

@Lhcbreport{LHCb-CONF-2012-027,
  Title                    = {{Search for the lepton flavour violating and baryon number violating decays $\tau^- \to \antiproton \mu^+ \mu^-$ and $\tau^- \to \proton \mu^- \mu^-$}},
  Collaboration            = {{LHCb collaboration}},
  Month                    = {{Sep}},
  Number                   = {{LHCb-CONF-2012-027}},
  Year                     = {{2012}}
}

@Lhcbreport{LHCb-CONF-2012-028,
  Title                    = {{Evidence for \CP violation in $B \to KK\pi$ and $B \to \pi\pi\pi$ decays}},
  Collaboration            = {{LHCb collaboration}},
  Month                    = {{Oct}},
  Number                   = {{LHCb-CONF-2012-028}},
  Year                     = {{2012}}
}

@Lhcbreport{LHCb-CONF-2012-029,
  Title                    = {{Measurement of the time-dependent \CP-violation parameters in $B^0_s \to D_s^\mp K^\pm$}},
  Collaboration            = {{LHCb collaboration}},
  Month                    = {{Oct}},
  Number                   = {{LHCb-CONF-2012-029}},
  Year                     = {{2012}}
}

@Lhcbreport{LHCb-CONF-2012-030,
  Title                    = {{Search for the suppressed ADS modes $B^\pm \to [\pi^\pm K^\mp \pi^+\pi^-]_D K^\pm$ and $B^\pm \to [\pi^\pm K^\mp \pi^+\pi^-]_D \pi^\pm$}},
  Collaboration            = {{LHCb collaboration}},
  Month                    = {{Oct}},
  Number                   = {{LHCb-CONF-2012-030}},
  Year                     = {{2012}}
}

@Lhcbreport{LHCb-CONF-2012-031,
  Title                    = {{Studies of $\Lambda_b^0 \to J/\psi \Lambda$ production in $pp$ collisions at $\sqrt{s}=7\tev$}},
  Collaboration            = {{LHCb collaboration}},
  Month                    = {{Oct}},
  Number                   = {{LHCb-CONF-2012-031}},
  Year                     = {{2012}}
}

@Lhcbreport{LHCb-CONF-2012-032,
  Title                    = {{A measurement of $\gamma$ from a combination of $B^+\to Dh^+$ analyses}},
  Collaboration            = {{LHCb collaboration}},
  Month                    = {{Oct}},
  Number                   = {{LHCb-CONF-2012-032}},
  Year                     = {{2012}}
}

@Lhcbreport{LHCb-CONF-2012-033,
  Title                    = {{Optimization and calibration of the same-side kaon tagging algorithm using hadronic $\Bs$ decays in 2011 data}},
  Collaboration            = {{LHCb collaboration}},
  Month                    = {{Nov}},
  Number                   = {{LHCb-CONF-2012-033}},
  Year                     = {{2012}}
}

@Lhcbreport{LHCb-CONF-2011-001,
  Title                    = {{$b$-hadron lifetime measurements with exclusive $b\to J/\psi X$ decays reconstructed in the 2010 data}},
  Collaboration            = {{LHCb collaboration}},
  Month                    = {{Mar}},
  Number                   = {{LHCb-CONF-2011-001}},
  Year                     = {{2011}}
}

@Lhcbreport{LHCb-CONF-2011-002,
  Title                    = {{Flavor-untagged angular analysis of $\textrm{B}_\textrm{d}^0\rightarrow J/\psi \textrm{K}^*$ and $\textrm{B}_\textrm{s}^0\rightarrow J/\psi\phi$ decays }},
  Collaboration            = {{LHCb collaboration}},
  Month                    = {{May}},
  Number                   = {{LHCb-CONF-2011-002}},
  Year                     = {{2011}}
}

@Lhcbreport{LHCb-CONF-2011-003,
  Title                    = {{Optimization and calibration of the LHCb flavour tagging performance using 2010 data}},
  Collaboration            = {{LHCb collaboration}},
  Month                    = {{Mar}},
  Number                   = {{LHCb-CONF-2011-003}},
  Year                     = {{2011}}
}

@Lhcbreport{LHCb-CONF-2011-004,
  Title                    = {{Search for $CP$ violation in $B^0 \to J/\psi K^0_S$ decays with first LHCb data}},
  Collaboration            = {{LHCb collaboration}},
  Month                    = {{Jun}},
  Number                   = {{LHCb-CONF-2011-004}},
  Year                     = {{2011}}
}

@Lhcbreport{LHCb-CONF-2011-005,
  Title                    = {{Measurement of $\Delta m_s$ in the decay $B^0_s \rightarrow D^-_s(K^+K^-\pi^-)(3)\pi$}},
  Collaboration            = {{LHCb collaboration}},
  Month                    = {{Apr}},
  Number                   = {{LHCb-CONF-2011-005}},
  Year                     = {{2011}}
}

@Lhcbreport{LHCb-CONF-2011-006,
  Title                    = {{Tagged time-dependent angular analysis of $B^0_s \to J/\psi\phi$ decays with the 2010 LHCb data}},
  Collaboration            = {{LHCb collaboration}},
  Month                    = {{May}},
  Number                   = {{LHCb-CONF-2011-006}},
  Year                     = {{2011}}
}

@Lhcbreport{LHCb-CONF-2011-007,
  Title                    = {{Improved Measurements of the Cabibbo Favored Decays $B_{(s)} \to D_{(s)} \pi\pi\pi$ and $\Lambda_b \to \Lambda_{c\pi\pi\pi}$ Branching Fractions}},
  Collaboration            = {{LHCb collaboration}},
  Month                    = {{Mar}},
  Number                   = {{LHCb-CONF-2011-007}},
  Year                     = {{2011}}
}

@Lhcbreport{LHCb-CONF-2011-008,
  Title                    = {{First observation of the decay $\overline{B}^0_s \to D^0 K^{*0}$ and measurement of the ratio of branching fractions $\frac{\mathcal{B}\left(\overline{B}^0_s \to D^0 K^{*0}\right)}{\mathcal{B}\left(\overline{B}^0_d \to D^0 \rho^{0}\right)}$}},
  Collaboration            = {{LHCb collaboration}},
  Month                    = {{Apr}},
  Number                   = {{LHCb-CONF-2011-008}},
  Year                     = {{2011}}
}

@Lhcbreport{LHCb-CONF-2011-009,
  Title                    = {{Observation of double $J/\psi$ production in proton-proton collisions at a centre-of-mass energy of $\sqrt{s} = 7\tev$}},
  Collaboration            = {{LHCb collaboration}},
  Month                    = {{Apr}},
  Number                   = {{LHCb-CONF-2011-009}},
  Year                     = {{2011}}
}

@Lhcbreport{LHCb-CONF-2011-010,
  Title                    = {{Measurement of $\Delta m_d$ in $B^0 \rightarrow D^-(K^+\pi^-\pi^-)\pi^+$}},
  Collaboration            = {{LHCb collaboration}},
  Month                    = {{Apr}},
  Number                   = {{LHCb-CONF-2011-010}},
  Year                     = {{2011}}
}

@Lhcbreport{LHCb-CONF-2011-011,
  Title                    = {{Measurement of direct $\mathcal{CP}$ violation in charmless charged two-body $B$ decays at LHCb}},
  Collaboration            = {{LHCb collaboration}},
  Month                    = {{Apr}},
  Number                   = {{LHCb-CONF-2011-011}},
  Year                     = {{2011}}
}

@Lhcbreport{LHCb-CONF-2011-012,
  Title                    = {{W and Z production at $\sqrt{s} = 7\tev$ with the LHCb experiment}},
  Collaboration            = {{LHCb collaboration}},
  Month                    = {{May}},
  Number                   = {{LHCb-CONF-2011-012}},
  Year                     = {{2011}}
}

@Lhcbreport{LHCb-CONF-2011-013,
  Title                    = {{Measurement of the relative yields of the decay modes $B^0\to D^- \pi^+$, $B^0\to D^- K^+$, $B^0_s \to D^-_s \pi^+$, and determination of $f_s/f_d$ for $7\tev$ $pp$ collisions}},
  Collaboration            = {{LHCb collaboration}},
  Month                    = {{Apr}},
  Number                   = {{LHCb-CONF-2011-013}},
  Year                     = {{2011}}
}

@Lhcbreport{LHCb-CONF-2011-014,
  Title                    = {{${\cal B}(B^0_s\rightarrow\psi(2S)\phi)/{\cal B}(B^0_s\rightarrow J/\psi\phi)$}},
  Collaboration            = {{LHCb collaboration}},
  Month                    = {{May}},
  Number                   = {{LHCb-CONF-2011-014}},
  Year                     = {{2011}}
}

@Lhcbreport{LHCb-CONF-2011-015,
  Title                    = {{Inclusive jets and dijets in LHCb}},
  Collaboration            = {{LHCb collaboration}},
  Month                    = {{Mar}},
  Number                   = {{LHCb-CONF-2011-015}},
  Year                     = {{2011}}
}

@Lhcbreport{LHCb-CONF-2011-016,
  Title                    = {{Measurement of the $\Upsilon$ (1$\cal S$) production cross-section at $\sqrt{s} = 7\tev$ in LHCb}},
  Collaboration            = {{LHCb collaboration}},
  Month                    = {{Apr}},
  Number                   = {{LHCb-CONF-2011-016}},
  Year                     = {{2011}}
}

@Lhcbreport{LHCb-CONF-2011-017,
  Title                    = {{Measurement of the $B_c^+$ to $B^+$ production cross-section ratios at $\sqrt{s} = 7\tev$ in LHCb}},
  Collaboration            = {{LHCb collaboration}},
  Month                    = {{Apr}},
  Number                   = {{LHCb-CONF-2011-017}},
  Year                     = {{2011}}
}

@Lhcbreport{LHCb-CONF-2011-018,
  Title                    = {{Measurement of the effective $B_s^0 \rightarrow K^{+}K^{-}$ Lifetime}},
  Collaboration            = {{LHCb collaboration}},
  Month                    = {{May}},
  Number                   = {{LHCb-CONF-2011-018}},
  Year                     = {{2011}}
}

@Lhcbreport{LHCb-CONF-2011-019,
  Title                    = {{First observation of the decay $B^0_s \to K^{*0} \overline{K}^{*0}$}},
  Collaboration            = {{LHCb collaboration}},
  Month                    = {{Apr}},
  Number                   = {{LHCb-CONF-2011-019}},
  Year                     = {{2011}}
}

@Lhcbreport{LHCb-CONF-2011-020,
  Title                    = {{A measurement of the cross-section ratio $\sigma(\chi_{c2})/\sigma(\chi_{c1})$ for prompt $\chi_{c}$ production at $\sqrt{s} = 7\tev$ in LHCb}},
  Collaboration            = {{LHCb collaboration}},
  Month                    = {{May}},
  Number                   = {{LHCb-CONF-2011-020}},
  Year                     = {{2011}}
}

@Lhcbreport{LHCb-CONF-2011-021,
  Title                    = {{Measurement of the $X$(3872) mass with first LHCb data}},
  Collaboration            = {{LHCb collaboration}},
  Month                    = {{Apr}},
  Number                   = {{LHCb-CONF-2011-021}},
  Year                     = {{2011}}
}

@Lhcbreport{LHCb-CONF-2011-022,
  Title                    = {{Central exclusive dimuon production at $\sqrt{s}=7\tev$}},
  Collaboration            = {{LHCb collaboration}},
  Month                    = {{May}},
  Number                   = {{LHCb-CONF-2011-022}},
  Year                     = {{2011}}
}

@Lhcbreport{LHCb-CONF-2011-023,
  Title                    = {{A search for time-integrated $CP$ violation in $D^0 \rightarrow h^{+}h^{-}$ decays and a measurement of the $D^0$ production asymmetry}},
  Collaboration            = {{LHCb collaboration}},
  Month                    = {{Jun}},
  Number                   = {{LHCb-CONF-2011-023}},
  Year                     = {{2011}}
}

@Lhcbreport{LHCb-CONF-2011-024,
  Title                    = {{First observations of the Cabibbo-suppressed decays $\overline{B}^0\to D^{+}K^{-}\pi^{+}\pi^{-}$ and $B^{-}\to D^{0} K^{-}\pi^{+}\pi^{-}$}},
  Collaboration            = {{LHCb collaboration}},
  Month                    = {{May}},
  Number                   = {{LHCb-CONF-2011-024}},
  Year                     = {{2011}}
}

@Lhcbreport{LHCb-CONF-2011-025,
  Title                    = {{Evidence for the decay $B_s^0 \rightarrow J/\psi \overline{K}^{*0}$}},
  Collaboration            = {{LHCb collaboration}},
  Month                    = {{Jun}},
  Number                   = {{LHCb-CONF-2011-025}},
  Year                     = {{2011}}
}

@Lhcbreport{LHCb-CONF-2011-026,
  Title                    = {{Measurement of the $\psi(2S)$ production cross-section at $\sqrt{s}=7\tev$ in LHCb}},
  Collaboration            = {{LHCb collaboration}},
  Month                    = {{May}},
  Number                   = {{LHCb-CONF-2011-026}},
  Year                     = {{2011}}
}

@Lhcbreport{LHCb-CONF-2011-027,
  Title                    = {{Measurement of $b$-hadron masses with exclusive $J/\psi X$ decays in 2010 data}},
  Collaboration            = {{LHCb collaboration}},
  Month                    = {{May}},
  Number                   = {{LHCb-CONF-2011-027}},
  Year                     = {{2011}}
}

@Lhcbreport{LHCb-CONF-2011-028,
  Title                    = {{Measurement of b-hadron production fractions in $7\tev$ centre-of-mass energy pp collisions}},
  Collaboration            = {{LHCb collaboration}},
  Month                    = {{Jun}},
  Number                   = {{LHCb-CONF-2011-028}},
  Year                     = {{2011}}
}

@Lhcbreport{LHCb-CONF-2011-029,
  Title                    = {{Time integrated ratio of wrong-sign to right-sign $D^0 \rightarrow K\pi$ decays in 2010 data at LHCb}},
  Collaboration            = {{LHCb collaboration}},
  Month                    = {{Jul}},
  Number                   = {{LHCb-CONF-2011-029}},
  Year                     = {{2011}}
}

@Lhcbreport{LHCb-CONF-2011-030,
  Title                    = {{Measurement of the Ratio of Branching Fractions $\cal{B}\mathrm{(B^{\pm} \rightarrow J/\psi \pi^{\pm})/\cal{B}\mathrm{(B^{\pm} \rightarrow J/\psi K^{\pm})}}$ at $\sqrt{\mathrm{s}}=7\tev$ with the LHCb Detector}},
  Collaboration            = {{LHCb collaboration}},
  Month                    = {{Aug}},
  Number                   = {{LHCb-CONF-2011-030}},
  Year                     = {{2011}}
}

@Lhcbreport{LHCb-CONF-2011-031,
  Title                    = {{A measurement of the ratio of branching fractions: $\frac{\mathcal{B}(B^{\pm}\rightarrow D K^{\pm})}{\mathcal{B}(B^{\pm}\rightarrow D\pi^{\pm})}$ for $D\rightarrow K\pi$, $KK$, $K\pi\pi\pi$ and $K^0_S\pi\pi$}},
  Collaboration            = {{LHCb collaboration}},
  Month                    = {{Jul}},
  Number                   = {{LHCb-CONF-2011-031}},
  Year                     = {{2011}}
}

@Lhcbreport{LHCb-CONF-2011-033,
  Title                    = {{Measurement of the B$^{\pm}$ production cross-section at LHCb}},
  Collaboration            = {{LHCb collaboration}},
  Month                    = {{Jul}},
  Number                   = {{LHCb-CONF-2011-033}},
  Year                     = {{2011}}
}

@Lhcbreport{LHCb-CONF-2011-034,
  Title                    = {{Average f_s/f_d b-hadron production fraction for $7\tev$ pp collisions}},
  Collaboration            = {{LHCb collaboration}},
  Month                    = {{Jul}},
  Number                   = {{LHCb-CONF-2011-034}},
  Year                     = {{2011}}
}

@Lhcbreport{LHCb-CONF-2011-035,
  Title                    = {{Analysis of $\overline{B}^0_s\to J/\psi \left(\pi^+\pi^-~{\rm and~}K^+K^-\right)$ and the first observation of $J/\psi f'_2(1525)$}},
  Collaboration            = {{LHCb collaboration}},
  Month                    = {{Jul}},
  Number                   = {{LHCb-CONF-2011-035}},
  Year                     = {{2011}}
}

@Lhcbreport{LHCb-CONF-2011-036,
  Title                    = {{Studies of beauty baryons decaying to $D^{0}p\pi^{-}$ and $D^{0}pK^{-}$}},
  Collaboration            = {{LHCb collaboration}},
  Month                    = {{Jul}},
  Number                   = {{LHCb-CONF-2011-036}},
  Year                     = {{2011}}
}

@Lhcbreport{LHCb-CONF-2011-037,
  Title                    = {{Search for the rare decays $B^0_{(s)} \to \mu^{+} \mu^{-}$ with 300 pb$^{-1}$ at LHCb}},
  Collaboration            = {{LHCb collaboration}},
  Month                    = {{Jul}},
  Number                   = {{LHCb-CONF-2011-037}},
  Year                     = {{2011}}
}

@Lhcbreport{LHCb-CONF-2011-038,
  Title                    = {{Angular analysis of $B^0\rightarrow K^{*0}\mu^+\mu^-$}},
  Collaboration            = {{LHCb collaboration}},
  Month                    = {{Aug}},
  Number                   = {{LHCb-CONF-2011-038}},
  Year                     = {{2011}}
}

@Lhcbreport{LHCb-CONF-2011-039,
  Title                    = {{Updated measurements of $W$ and $Z$ production at $\sqrt{s} = 7\tev$ with the LHCb experiment}},
  Collaboration            = {{LHCb collaboration}},
  Month                    = {{Jul}},
  Number                   = {{LHCb-CONF-2011-039}},
  Year                     = {{2011}}
}

@Lhcbreport{LHCb-CONF-2011-040,
  Title                    = {{First observation of $B_c^+\to J/\psi \pi^+\pi^-\pi^+$}},
  Collaboration            = {{LHCb collaboration}},
  Month                    = {{Jul}},
  Number                   = {{LHCb-CONF-2011-040}},
  Year                     = {{2011}}
}

@Lhcbreport{LHCb-CONF-2011-041,
  Title                    = {{$Z$ cross-section measurement at $\sqrt{s}=7\tev$ using the channel $Z \rightarrow\tau\tau$}},
  Collaboration            = {{LHCb collaboration}},
  Month                    = {{Aug}},
  Number                   = {{LHCb-CONF-2011-041}},
  Year                     = {{2011}}
}

@Lhcbreport{LHCb-CONF-2011-042,
  Title                    = {{Charmless charged two-body $B$ decays at LHCb with 2011 data}},
  Collaboration            = {{LHCb collaboration}},
  Month                    = {{Jul}},
  Number                   = {{LHCb-CONF-2011-042}},
  Year                     = {{2011}}
}

@Lhcbreport{LHCb-CONF-2011-043,
  Title                    = {{Inclusive $X(3872)$ production in $pp$ collisions at $\sqrt{s}=7\tev$}},
  Collaboration            = {{LHCb collaboration}},
  Month                    = {{Jul}},
  Number                   = {{LHCb-CONF-2011-043}},
  Year                     = {{2011}}
}

@Lhcbreport{LHCb-CONF-2011-044,
  Title                    = {{Evidence for the suppressed decay $B^{\pm}\to(K^{\mp}\pi^{\pm})_{D}K^{\pm}$}},
  Collaboration            = {{LHCb collaboration}},
  Month                    = {{Jul}},
  Number                   = {{LHCb-CONF-2011-044}},
  Year                     = {{2011}}
}

@Lhcbreport{LHCb-CONF-2011-045,
  Title                    = {{Search for $X(4140)$ in $B^+\to J/\psi\phi K^+$}},
  Collaboration            = {{LHCb collaboration}},
  Month                    = {{Jul}},
  Number                   = {{LHCb-CONF-2011-045}},
  Year                     = {{2011}}
}

@Lhcbreport{LHCb-CONF-2011-046,
  Title                    = {{Measurement of the $CP$ Violation Parameter $\cal{A}_{\Gamma}$ in Two-Body Charm Decays}},
  Collaboration            = {{LHCb collaboration}},
  Month                    = {{Jul}},
  Number                   = {{LHCb-CONF-2011-046}},
  Year                     = {{2011}}
}

@Lhcbreport{LHCb-CONF-2011-047,
  Title                    = {{Search for the rare decay $B^{0}_{s}\to \mu^{+}\mu^{-}$ at the LHC with the CMS and LHCb experiments}},
  Collaboration            = {{CMS and LHCb collaborations}},
  Month                    = {{Aug}},
  Number                   = {{LHCb-CONF-2011-047,CMS-PAS-BPH-11-019}},
  Year                     = {{2011}}
}

@Lhcbreport{LHCb-CONF-2011-048,
  Title                    = {{Measurement of the $B^0_s \to J/\psi K^0_s$ branching fraction}},
  Collaboration            = {{LHCb collaboration}},
  Month                    = {{Sep}},
  Number                   = {{LHCb-CONF-2011-048}},
  Year                     = {{2011}}
}

@Lhcbreport{LHCb-CONF-2011-049,
  Title                    = {{Tagged time-dependent angular analysis of $B_s\to J/\psi\phi$ decays with 337~pb$^{-1}$ at LHCb}},
  Collaboration            = {{LHCb collaboration}},
  Month                    = {{Aug}},
  Number                   = {{LHCb-CONF-2011-049}},
  Year                     = {{2011}}
}

@Lhcbreport{LHCb-CONF-2011-050,
  Title                    = {{Measurement of $\Delta m_s$ in the decay $B^0_s \rightarrow D^-_s(K^+K^-\pi^-)\pi^+$ using opposite-side and same-side flavour tagging algorithms}},
  Collaboration            = {{LHCb collaboration}},
  Month                    = {{Aug}},
  Number                   = {{LHCb-CONF-2011-050}},
  Year                     = {{2011}}
}

@Lhcbreport{LHCb-CONF-2011-051,
  Title                    = {{Measurement of $\phi_s$ in $B_s \to J/\psi f_0(980)$}},
  Collaboration            = {{LHCb collaboration}},
  Month                    = {{Sep}},
  Number                   = {{LHCb-CONF-2011-051}},
  Year                     = {{2011}}
}

@Lhcbreport{LHCb-CONF-2011-052,
  Title                    = {{Study of Triple Product Asymmetries in $B_s \rightarrow \phi\phi$ decays}},
  Collaboration            = {{LHCb collaboration}},
  Month                    = {{Aug}},
  Number                   = {{LHCb-CONF-2011-052}},
  Year                     = {{2011}}
}

@Lhcbreport{LHCb-CONF-2011-053,
  Title                    = {{Observations of Orbitally Excited $B_{(s)}^{**}$ Mesons}},
  Collaboration            = {{LHCb collaboration}},
  Month                    = {{Oct}},
  Number                   = {{LHCb-CONF-2011-053}},
  Year                     = {{2011}}
}

@Lhcbreport{LHCb-CONF-2011-054,
  Title                    = {{Measurement of the Charm Mixing Parameter $y_{CP}$ in Two-Body Charm Decays}},
  Collaboration            = {{LHCb collaboration}},
  Month                    = {{Aug}},
  Number                   = {{LHCb-CONF-2011-054}},
  Year                     = {{2011}}
}

@Lhcbreport{LHCb-CONF-2011-055,
  Title                    = {{Measurement of the ratio of branching fractions $\mathcal{B}(B_d\to K^{*0}\gamma)/\mathcal{B}(B_s\to \phi\gamma)$ with the LHCb experiment at $\sqrt{s}=7\tev$}},
  Collaboration            = {{LHCb collaboration}},
  Month                    = {{Aug}},
  Number                   = {{LHCb-CONF-2011-055}},
  Year                     = {{2011}}
}

@Lhcbreport{LHCb-CONF-2011-056,
  Title                    = {{Combination of $\phi_s$ measurements from $B_{s}^{0}\to J/\psi\phi$ and $B_{s}^{0}\to J/\psi f_{0}(980)$}},
  Collaboration            = {{LHCb collaboration}},
  Month                    = {{Aug}},
  Number                   = {{LHCb-CONF-2011-056}},
  Year                     = {{2011}}
}

@Lhcbreport{LHCb-CONF-2011-057,
  Title                    = {{Measurements of the relative and absolute branching fractions of the decays $B^0_s\rightarrow D^\mp_s K^\pm$ and $B^0_s\rightarrow D^-_s \pi^+$ }},
  Collaboration            = {{LHCb collaboration}},
  Month                    = {{Sep}},
  Number                   = {{LHCb-CONF-2011-057}},
  Year                     = {{2011}}
}

@Lhcbreport{LHCb-CONF-2011-058,
  Title                    = {{Measurements of the relative branching fractions of the $B^{\pm} \to p \bar p K^{\pm}$ decay channel including charmonium contributions}},
  Collaboration            = {{LHCb collaboration}},
  Month                    = {{Sep}},
  Number                   = {{LHCb-CONF-2011-058}},
  Year                     = {{2011}}
}

@Lhcbreport{LHCb-CONF-2011-059,
  Title                    = {{Relative branching ratio measurements of charmless $B^{\pm}$ decays to three hadrons}},
  Collaboration            = {{LHCb collaboration}},
  Month                    = {{Nov}},
  Number                   = {{LHCb-CONF-2011-059}},
  Year                     = {{2011}}
}

@Lhcbreport{LHCb-CONF-2011-060,
  Title                    = {{Measurement of the masses of the $\Xi_b^{-}$ and $\Omega_b^{-}$}},
  Collaboration            = {{LHCb collaboration}},
  Month                    = {{Nov}},
  Number                   = {{LHCb-CONF-2011-060}},
  Year                     = {{2011}}
}

@Lhcbreport{LHCb-CONF-2011-061,
  Title                    = {{A search for time-integrated CP violation in $D^0 \to h^-h^+$ decays}},
  Collaboration            = {{LHCb collaboration}},
  Month                    = {{Nov}},
  Number                   = {{LHCb-CONF-2011-061}},
  Year                     = {{2011}}
}

@Lhcbreport{LHCb-CONF-2011-062,
  Title                    = {{Measurement of the relative cross-section $\sigma(\chi_{c_2})/\sigma(\chi_{c_1})$ of prompt $\chi_c$ mesons using at LHCb}},
  Collaboration            = {{LHCb collaboration}},
  Month                    = {{Nov}},
  Number                   = {{LHCb-CONF-2011-062}},
  Year                     = {{2011}}
}

@Lhcbreport{LHCb-CONF-2010-008,
  Title                    = {{Prompt $K_S^0$ production in $pp$ collisions at $\sqrt{s}$ = 900 GeV}},
  Collaboration            = {{LHCb collaboration}},
  Month                    = {{May}},
  Number                   = {{LHCb-CONF-2010-008}},
  Year                     = {{2010}}
}

@Lhcbreport{LHCb-CONF-2010-009,
  Title                    = {{Measurement of the $\bar{p}/{p}$ ratio in LHCb at $\sqrt{s} = 900\gev$ and $7\tev$}},
  Collaboration            = {{LHCb collaboration}},
  Month                    = {{Aug}},
  Number                   = {{LHCb-CONF-2010-009}},
  Year                     = {{2010}}
}

@Lhcbreport{LHCb-CONF-2010-010,
  Title                    = {{Measurement of the $J/\psi$ production cross-section at $\sqrt{s} = 7\tev$ in LHCb}},
  Collaboration            = {{LHCb collaboration}},
  Month                    = {{Oct}},
  Number                   = {{LHCb-CONF-2010-010}},
  Year                     = {{2010}}
}

@Lhcbreport{LHCb-CONF-2010-011,
  Title                    = {{Measurement of prompt $\overline{\Lambda}/\Lambda$ and $\overline{\Lambda}/\rm{K}^{\rm{0}}_{\rm{S}}$ production ratios in inelastic non-diffractive pp collisions at $\sqrt{s}$ = 0.9 and $7\tev$}},
  Collaboration            = {{LHCb collaboration}},
  Month                    = {{Oct}},
  Number                   = {{LHCb-CONF-2010-011}},
  Year                     = {{2010}}
}

@Lhcbreport{LHCb-CONF-2010-012,
  Title                    = {{Measurements of $B^0$ mesons production cross-section in pp collisions at $\sqrt{s} = 7\tev$ using $B^0 \rightarrow D^{*-}\mu^+ \nu_\mu X$ decays}},
  Collaboration            = {{LHCb collaboration}},
  Month                    = {{Oct}},
  Number                   = {{LHCb-CONF-2010-012}},
  Year                     = {{2010}}
}

@Lhcbreport{LHCb-CONF-2010-013,
  Title                    = {{Prompt charm production in $pp$ collisions at $\sqrt{s} =7\tev$}},
  Collaboration            = {{LHCb collaboration}},
  Month                    = {{Dec}},
  Number                   = {{LHCb-CONF-2010-013}},
  Year                     = {{2010}}
}

@Lhcbreport{LHCb-CONF-2010-014,
  Title                    = {{Measurement of the inclusive $\phi$ cross-section in $pp$ collisions at $\sqrt{s}=7\tev$ with the LHCb experiment}},
  Collaboration            = {{LHCb collaboration}},
  Month                    = {{Dec}},
  Number                   = {{LHCb-CONF-2010-014}},
  Year                     = {{2010}}
}

@comment{jabref-entrytype: Lhcbreport: req[collaboration;month;number;title;year] opt[]}

